2378 3840
328 183 412 238 ΗΒ.
444 183 494 238 VII
535 182 634 238 CAP.
666 183 806 240 25--³o.
1007 175 1067 239 139

64 346 133 406 τοῦν
143 336 236 432 ἡμείς
249 343 345 424 ίδμεν
356 363 438 424 μετα
452 341 498 406 σέ.
533 338 696 426 (θωμάσας
718 339 754 405 δέ
764 344 832 405 τῶν
843 339 949 405 ἐπέων
960 335 997 406 τδ
1012 341 1067 406 τὲ·
1081 355 1115 409 28

63 447 219 508 λευταῖον
233 439 354 523 ,Ξέρξης
370 434 470 514 αὐτος
485 435 624 524 δεύτερα
639 444 745 523 είρετο
755 436 903 521 Πύθιον,
921 432 1024 502 ὁκόσα
1035 439 1069 503 οί

64 546 115 622 είη
129 533 287 622 χρήματα.
312 531 331 602 ὁ
348 538 384 601 δέ
399 532 485 602 εἷπε·
504 527 543 601 Ὦ
557 540 713 622 βασιλεῦ,
725 532 803 603 οῦτε
817 553 855 604 σε
869 532 1065 622 ἀποκρύψω,

63 630 142 701 οῦτε
157 629 325 718 σκήψομαι
339 628 376 699 τδ
393 629 437 717 μὴ
454 630 649 718 είδέυαιτὴν
660 635 829 720 ἐμεωυτοῦ
839 632 974 721 οῦσίην,
989 631 1063 702 ἀλλ’

63 727 281 816 ἐπιστάμενός
294 755 346 804 τοι
358 726 520 815 ἀτρεκέως
534 733 709 810 καταλέξω.
731 732 840 799 ἐπείτε
853 728 919 816 γάρ
930 730 1065 816 τάχιστά

63 849 101 897 σε
112 828 291 915 ἐπυθόμην
302 831 354 897 ἐπὶ
364 830 542 898 θάλασσαν
552 839 796 917 καταβαίνοντα
809 830 872 920 τὴν
880 830 1064 919 Ἑλληνίδα,

62 926 269 1014 βουλόμενός
287 953 339 995 τοι
357 933 476 996 δοῦναι
492 931 525 1006 ἐς
544 926 605 996 τδυ
624 927 772 1016 πόλεμον
784 929 934 1017 χρήματα
949 932 1064 1014 ἐξέμα-

61 1035 148 1111 θον,
168 1029 223 1093 καὶ
238 1018 340 1111 εῦρου
353 1025 564 1112 λογιζόμενος
579 1023 743 1114 ἀργυρίου
757 1031 819 1113 μὲν
839 1028 901 1096 δύο
915 1027 1064 1114 χιλιάδας

62 1124 182 1201 ἐούσας
196 1150 252 1209 μοι
266 1124 455 1211 ταλάντων,
469 1130 609 1211 χρυσίου
624 1126 661 1193 δέ
673 1131 886 1211 τετρακοσίας
899 1124 1064 1213 μυριάδας

62 1221 236 1308 στατήρων
241 1231 430 1310 Δαρεικῶν,
438 1222 634 1302 ἐπιδεούσας
644 1221 724 1292 ἐπτά
735 1223 903 1310 χιλιάδων.
919 1226 975 1292 καί
983 1225 1064 1291 τού-

61 1326 151 1387 τοισί
162 1341 198 1387 σε
216 1319 280 1407 ἐγιδ
296 1325 478 1410 δωρέομαι,
500 1319 590 1413 αύτῷ
606 1321 637 1390 δ’
661 1325 733 1409 ἐμοὶ
753 1319 818 1388 ἀπδ
840 1320 1063 1408 ἀνδραπόδων

61 1446 97 1486 τε
112 1423 166 1487 καί
180 1424 371 1504 γεωπεδίων
385 1418 516 1506 ἀρκέων
530 1421 597 1488 ἐστὶ
613 1426 693 1508 βίος.
722 1417 759 1486 ‘0
774 1420 836 1506 μὲν
846 1426 949 1487 ταῦτα
960 1425 1062 1504 ἐλεγε,

61 1519 183 1604 Ξέρξης
194 1519 230 1585 δέ
239 1514 355 1604 ἡσθεὶς
364 1534 450 1587 τοῖσι
460 1522 662 1607 εἰρημένοισι
672 1517 758 1587 εἷπε·
778 1524 873 1598 Ξεῐνε
883 1519 984 1603 Λυδὲ,
996 1515 1110 1602 ἐγωλθ

61 1617 171 1682 ἐπείτε
188 1617 331 1701 ἐξῆλθον
341 1615 403 1703 τὴν
416 1623 565 1702 Περσίδα
578 1616 708 1704 χοόρην,
724 1614 838 1684 ούδενλ
851 1614 948 1699 ἀνδρὶ
961 1621 1062 1686 συνέ·

60 1716 138 1800 μιξα
149 1717 182 1793 ἐς
192 1716 278 1800 τόδε,
299 1715 389 1796 ὅστις
399 1715 545 1804 ἠθέλησε
559 1721 663 1796 ξείνια
678 1727 858 1804 προθεῖναι
872 1724 1001 1808 στρατῷ
1015 1725 1061 1807 τῷ

59 1815 128 1903 ἐμῷ
135 1863 144 1898 ,
163 1809 242 1879 οῦδέ
254 1811 343 1892 ὅστις
354 1817 386 1892 ἐς
397 1813 477 1896 όψιν
488 1812 550 1901 τὴν
565 1813 649 1900 ἐμὴν
661 1813 825 1895 καταστάς
835 1813 1061 1902 αύτεπάγγελ

31 1935 33 1939 ’
58 1937 115 1988 τος
130 1913 163 1988 ἐς
177 1908 237 1978 τόν
251 1912 399 1998 πόλεμον
410 1915 482 1999 ἐμοὶ
494 1910 642 2000 ἠθέλησε
652 1911 884 1999 συμβαλέσθαι
899 1913 1059 2001 χρήματα,

58 2017 121 2090 ἐξω
138 2016 207 2077 σεῦ.
231 2009 273 2078 σῦ
290 2013 326 2080 δὲ
341 2015 572 2093 καδέξείνισας
585 2011 736 2098 μεγάλως
750 2009 893 2097 στρατδν
905 2010 966 2079 τόν
980 2009 1060 2098 ἐμόν

58 2112 114 2179 καὶ
129 2110 279 2197 χρήματα
298 2111 426 2197 μεγάλα
440 2113 664 2197 ἐπαγγέλλεαι.
694 2113 747 2177 σοὶ
765 2103 814 2177 ἀν
831 2106 894 2193 ἐγω
910 2106 984 2177 ἀντὶ
998 2107 1061 2176 αὐ·

56 2213 125 2273 τῶν
144 2209 243 2295 γέρεα
258 2208 370 2276 τοιάδε
391 2214 526 2296 δίδωμι·
555 2207 664 2288 ξεῖνόν
679 2210 717 2275 τί
734 2226 772 2276 σε
791 2214 949 2292 ποιεῦμαι
967 2205 1058 2294 ἐμὸν,

59 2305 110 2372 καὶ
122 2300 182 2382 τάς
192 2311 403 2389 τετρακοσίας
413 2307 579 2394 μυριάδας
589 2332 640 2373 τοι
650 2311 718 2372 τῦν
729 2303 901 2391 στατήρων
908 2301 1061 2390 ἀποπλή-

56 2418 105 2466 σω
122 2398 203 2485 παρ’
221 2405 388 2485 ἐμεωυτοῦ
403 2401 484 2481 δούς
504 2400 563 2481 τάς
583 2399 664 2469 ἑπτά
683 2402 848 2487 χιλιάδας,
870 2404 927 2469 ἵνα
945 2399 992 2487 μή
1008 2425 1059 2467 τοι

58 2500 199 2576 ἐπιδεέες
222 2505 299 2567 ἐωσι
321 2505 358 2568 αί
377 2501 586 2588 τετρακόσιαι
606 2500 766 2585 μυριάδες
786 2499 867 2567 ἑπτά
888 2501 1057 2586 χιλιάδων,

54 2591 129 2661 ἀλλ’
141 2587 164 2681 ᾗ
175 2620 225 2661 τοι
236 2592 453 2683 ἀπαρτιλογίη
465 2595 524 2664 ὑπ’
538 2599 613 2684 ἐμέο
625 2602 875 2684 πεπληρωμένη.
883 2596 1062 2684 κέκτησότε

54 2686 156 2767 αὐτός
169 2690 210 2757 τά
224 2714 286 2777 περ
299 2690 399 2773 αύτδς
413 2695 569 2781 ἐκτήσαο,
591 2696 747 2765 ἐπίστασό
761 2721 797 2762 τε
812 2694 896 2763 εἶναι
910 2698 973 2764 αίεὶ
988 2721 1057 2764 τοι-

54 2794 168 2871 οῦτος·
189 2787 230 2856 οῦ
242 2790 306 2874 γάρ
317 2817 368 2858 τοι
380 2799 484 2859 ταῦτα
497 2800 649 2860 ποιεῦντι
661 2791 738 2860 οῦτε
749 2795 782 2872 ἐς
793 2790 830 2860 τό
842 2791 969 2879 παρεόν
980 2792 1058 2861 οῦτε

53 2889 87 2966 ἐς
99 2887 223 2973 χρόνον
238 2888 462 2974 μεταμελήσει.

141 2991 252 3051 Ταῦτα
266 2986 304 3052 δέ
315 2995 408 3064 είπας
419 2991 473 3054 καλ
488 2991 635 3056 ἐπιτελέα
644 2989 786 3074 ποιήσας
799 2989 977 3072 ἐπορεύετο
993 2989 1057 3054 αἰεὶ
1070 3005 1106 3057 ³⁰

51 3081 90 3150 τό
105 3082 230 3166 πρόσω.
250 3081 380 3150 ’Ἁναυα
395 3083 431 3151 δδ
446 3088 652 3172 καλεομένην
665 3091 812 3172 Φρυγῦν
829 3084 930 3154 πόλιν
946 3109 1057 3168 παρα-

51 3181 249 3268 μειβόμενος
264 3185 319 3249 καὶ
332 3188 469 3270 λίμνην,
483 3186 519 3251 ἐκ
532 3191 590 3271 τῆς
603 3183 681 3265 ἅλες
696 3191 857 3270 γίνονται,
873 3181 1008 3252 ἀπίκετο
1023 3185 1056 3261 ἐς

51 3274 227 3355 Κολοσσάς
241 3277 341 3375 πόλιν
355 3281 505 3368 μεγάλην
516 3288 674 3368 Φρυγίης,
686 3285 723 3349 ἐν
733 3288 773 3368 τῇ
784 3280 900 3360 Λύκος
909 3280 1055 3367 ποταμός

52 3377 86 3452 ἐς
98 3372 209 3459 χάσμα
222 3379 281 3460 γῆς
296 3378 468 3463 ἐσβάλλων
483 3377 684 3463 ἀφανίζεται,
701 3385 829 3446 ἔπειτεν
842 3377 896 3446 διά
911 3383 1056 3446 σταδίων
