2378 3840
56 136 62 150 ’
114 174 176 237 130
490 174 740 237 οτιιοοοτι

115 331 157 401 σύ
179 333 231 418 δὲ,
255 326 282 400 ό
302 346 365 401 παῖ
377 333 546 419 Γωβρύεω
565 330 757 416 Μαρδόνιε,
784 337 910 398 παῦσαι
930 336 1037 419 λέγων
1059 335 1115 402 λό-

114 458 195 518 γους
205 434 364 517 ματαίους
373 430 449 514 περὶ
458 425 627 514 Ἑλλήνων
636 425 699 495 ούκ
710 427 835 495 ἐόντων
845 427 947 509 ἀξίων
959 437 1119 519 φλαύρως

115 527 260 596 ἀκούειν.
277 524 438 610 ἝλληναςΙ
452 521 517 610 γάρ
529 525 720 611 διαβάλλων
733 527 895 610 ἐπαείρεις
906 525 1010 595 αύτόν
1020 537 1117 616 βασι-

113 600 172 694 λέα
189 621 449 710 στρατεύεσθατς
467 619 572 688 αὐτοῦ
589 623 626 690 δὲ
639 622 762 688 τούτου
778 625 906 690 εἵνεκεν
922 628 1047 704 δοκέεις
1062 652 1118 710 μοι

113 729 225 790 πάσαν
239 725 435 808 προθυμίην
449 721 616 786 ἐκτείνειν.
640 719 686 805 μή
701 745 767 786 νυν
778 717 866 786 οὕτω
876 723 1021 807 γένηται.
1044 727 1117 788 δια-

113 818 195 907 βολὴ
210 820 275 906 γάρ
287 821 355 888 ἐστι
369 818 573 902 δεινότατον,
590 819 627 884 ἐν
637 823 677 904 τῇ
689 817 751 883 δύο
766 824 828 901 μέν
839 823 901 885 είστ
918 823 951 885 οί
963 815 1110 887 ἀδικίου·

113 939 181 1004 τες,
198 914 244 996 εἷς
261 919 297 985 δὲ
312 915 330 984 δ
348 913 572 1001 ἀδικεόμενος.
595 912 613 982 ὁ
629 918 691 1000 μὲν
706 911 771 1000 γάρ
786 914 979 1001 διαβάλλων
992 914 1113 983 ἀδικέει

114 1016 155 1085 οὐ
171 1014 353 1100 παρεόντος
371 1015 593 1099 κατηγορέων,
612 1010 631 1079 ὁ
647 1013 683 1079 δὲ
697 1009 821 1079 ἀδικέει
837 1010 1114 1099 ἀναπειθόμενος,

112 1106 192 1200 πρὶν
207 1109 233 1198 ἢ
243 1110 404 1199 ἀτρεκέως
419 1111 566 1198 ἐκμάθη·
589 1107 607 1176 ὁ
623 1110 660 1177 δὲ
671 1106 711 1196 δὴ
723 1106 837 1176 ἀπεών
851 1110 1027 1196 τοῦλόγου
1038 1112 1117 1178 τάδε

113 1216 149 1282 ἐν
165 1208 293 1278 αύτοίσι
310 1209 491 1294 ἀδικέεται,
514 1212 707 1295 διαβληθείς
721 1233 757 1275 τε
772 1205 838 1274 ὑπὸ
854 1214 915 1275 τοῦ
932 1211 1046 1293 ἑτέρον
1062 1215 1113 1277 καὶ

81 1309 284 1394 θνομισθελς
298 1305 383 1392 πρὸς
396 1312 457 1374 τού
472 1305 587 1388 ἑτέρου
602 1302 704 1383 κακός
722 1302 814 1372 εἶναι.
846 1302 933 1374 Ἀλλ’
953 1312 984 1374 εί
993 1303 1034 1393 δὴ
1062 1310 1117 1374 δεῖ

110 1434 149 1494 γε
160 1407 293 1485 πάντως
304 1407 358 1474 ἐπὶ
371 1402 450 1482 τούς
461 1401 587 1487 ἀνδρας
601 1405 741 1482 τούτους
755 1404 1008 1492 στρατεύεσθαι,
1023 1408 1116 1492 φέρε,

110 1505 266 1596 βασιλεὺς
289 1509 351 1592 μέν
377 1501 477 1582 αύτδς
506 1507 543 1572 ἐν
565 1502 664 1590 ἤθεσι
690 1517 774 1570 τοῖσι
794 1507 954 1590 Περσέων
978 1508 1115 1589 μενέτω.

109 1603 223 1691 ἡμέων
234 1605 269 1670 δὲ
281 1602 481 1690 ἀμφοτέρων
495 1604 801 1690 παραβαλλομένων
811 1598 852 1672 τά
863 1605 963 1668 τέκνα
974 1620 1115 1687 στρατη-

112 1704 205 1772 λάτεε
222 1697 324 1779 αύτός
334 1697 377 1768 σύ
389 1700 622 1786 ἐπιλεξάμενός
633 1726 668 1767 τε
680 1697 805 1786 ἀνδρας
815 1695 894 1775 τούς
908 1699 1045 1784 ἐθέλεις,
1062 1702 1115 1765 καὶ

110 1798 224 1888 λαβάν
238 1796 396 1891 στρατιὴν
407 1796 536 1884 ὁκόσην
551 1796 626 1866 τινά
641 1797 788 1886 βούλεαι.
813 1799 868 1865 καὶ
882 1795 925 1883 ἢν
942 1797 1004 1883 μέν
1017 1805 1058 1886 τῇ
1073 1797 1116 1864 σύ

111 1901 215 1984 λέγεις
222 1895 387 1985 άναβαίνη
397 1897 528 1983 βασιλέι·
535 1893 576 1963 τά
586 1896 774 1984 πρήγματα,
783 1897 988 1963 κτεινέσθων
1000 1900 1034 1962 οί
1044 1897 1115 1980 έμοέ.

68 2070 71 2075 .
109 1998 234 2077 παῖδες,
250 1991 333 2076 πρὸς
345 1993 382 2059 δὲ
396 1990 526 2059 αύτοίσι
542 1995 598 2060 καὶ
608 1993 690 2079 ἐμοί·
712 1988 756 2077 ἦν
770 1994 807 2060 δὲ
821 2000 860 2080 τῇ
871 1990 935 2078 ἐγω
951 1995 1114 2079 προλέγω,

110 2097 144 2159 οί
153 2093 206 2159 σοὶ
218 2096 322 2157 ταῦτα
336 2089 549 2176 πασχόντων,
566 2088 631 2157 σύν
649 2093 688 2158 δέ
700 2110 760 2175 σφι
775 2093 830 2158 καὶ
845 2087 905 2175 σδ,
927 2085 970 2177 ἢν
988 2087 1115 2158 ἀτονο-

111 2189 241 2274 στήσης.
271 2193 301 2255 εί
321 2187 357 2254 δὲ
373 2194 478 2254 ταῦτα
495 2189 557 2275 μὲν
573 2187 760 2258 ὑποδύνειν
781 2185 844 2257 οόκ
862 2189 1049 2276 ἐθελήσεις,
1071 2189 1114 2256 σύ

112 2285 147 2352 δὲ
162 2284 295 2362 πάντως
309 2285 497 2371 στράτευμα
511 2284 644 2367 ἀνάξεις
658 2289 710 2355 ἐπὶ
724 2284 788 2373 τὴν
797 2283 953 2372 Ἑλλάδα,
970 2284 1114 2356 ἀαούσε·

110 2387 195 2448 σθαί
207 2378 284 2448 τινά
298 2407 385 2466 φημι
401 2388 469 2448 τῶν
485 2380 591 2449 αὐτοῦ
604 2389 683 2472 τῇδε
699 2381 993 2472 ὑπολειπομένων,
1011 2393 1114 2473 Μαρ-

111 2477 228 2546 δόνιον
245 2479 328 2563 μέγα
347 2502 380 2546 τι
393 2478 499 2547 κακόν
515 2483 755 2567 ἐξεργασμένον
768 2482 902 2567 Πέρσας
911 2481 981 2561 ,ὑπό
997 2491 1114 2552 κυνῶν

109 2599 144 2641 τε
155 2574 211 2641 καὶ
221 2569 372 2660 ὀρνίθων
383 2577 652 2664 διαφορεύμενον
662 2576 684 2663 ἥ
694 2603 758 2645 κου
769 2580 806 2646 ἐν
822 2585 865 2667 γῇ
875 2587 916 2667 τῇ
923 2577 1113 2667 Ἀθηναίων

108 2668 184 2755 ἥσέ
201 2694 239 2753 γε
255 2673 292 2736 ἐν
306 2678 346 2758 τῇ
360 2678 652 2759 Λακεδαιμονίων,
675 2681 705 2742 εί
723 2672 768 2760 μὴ
784 2672 851 2762 ἀρα
871 2681 927 2746 καλ
947 2680 1113 2766 πρότερον

108 2763 181 2836 κατ’
195 2764 288 2852 ὁδόν,
302 2767 437 2856 γνόντα,
454 2769 506 2838 ἐπ’
520 2775 612 2850 οἴους
625 2771 749 2859 ἀνδρας
761 2770 1001 2861 ἀναγινώσκεις
1011 2798 1113 2867 στρα-

107 2864 266 2932 τεύεσθαι
282 2867 428 2949 βασιλέα.
1075 2906 1084 2920 =

58 2985 89 3038 11
191 2958 392 3064 Ἀρτάβανος
411 2967 472 3050 μὲν
493 2974 597 3036 ταῦτα
617 2973 704 3048 ἔλεξε
711 3019 720 3053 ,
734 2972 864 3057 ,Ξέρξης
879 2975 916 3040 δὲ
936 2978 1113 3060 θυμωθείς

108 3056 276 3146 ἀμείβεται
292 3066 430 3128 τοισίδε·
447 3060 638 3151 Ἀρτάβανε,
650 3063 774 3153 πατρὸς
788 3065 833 3146 είς
843 3074 904 3135 τοῦ
915 3071 998 3155 ἐμοῦ
1013 3068 1112 3139 ἀδελ-

109 3155 206 3244 φεός·
240 3158 339 3225 τοῦτό
362 3178 399 3226 σε
422 3160 558 3248 ῥύσεται
579 3166 705 3249 μηδένα
727 3161 822 3243 ἀξιον
848 3161 975 3250 μισθόν
994 3176 1111 3254 λαβεῖν

108 3256 215 3321 ἐπέων
229 3260 384 3338 ματαίων.
408 3264 466 3324 καί
477 3285 528 3326 τοι
544 3260 669 3344 ταύτην
684 3257 745 3345 τὴν
759 3258 893 3347 ἀτιμίην
906 3271 1111 3352 προστίθημι

107 3353 197 3422 ἐόντι
211 3360 302 3449 κακῷ
317 3360 421 3424 τεκαὶ
441 3354 581 3447 ἀθύμῳ,
599 3359 680 3447 μήτε
695 3360 980 3445 συστρατεύεσθαι
998 3369 1110 3450 ἔμοιγε
