2378 3840
119 172 160 236 48
496 171 749 228 HERODOTI
848 193 852 201 ·

118 335 262 420 αι’ρέετο,
283 329 445 418 ἀνεχώρεε
465 332 501 398 δὲ
519 325 624 396 ὀπίσω
640 332 672 407 ἐς
686 335 841 414 Σίγειον,
863 326 901 395 τό
925 325 991 396 εἷλε
1004 335 1120 398 Πεισί-

119 452 256 517 στρατος
271 437 369 518 αίχμή
389 423 479 514 παρά
497 433 757 514 Μυτιληναίων,
782 427 949 514 κρατήσας
966 430 1003 496 δὲ
1018 426 1125 497 αὐτοῦ

118 532 296 616 κατέστησε
306 529 476 616 τύραννον
488 525 572 595 εἶναι
584 531 685 594 παῖδα
696 523 891 595 τόνὲωυτοῦ
902 529 1012 597 νόθου
1020 526 1113 617 Ἡγη

118 634 311 714 σίστρατον,
326 625 488 714 γεγονότα
507 627 539 705 ἐξ
551 622 698 711 Ἀργείης
713 624 892 713 γυναικὸς,
907 625 943 706 ὃς
959 625 1021 696 οὐκ
1037 626 1123 715 άμα-

117 728 190 813 χητὶ
213 723 277 812 εἶχε
296 721 336 792 τά
355 725 522 813 παρέλαβε
543 720 633 810 παρά
654 724 906 808 Πεισιστράτου.
943 729 1124 814 ἐπολέμεον

118 821 183 910 γάρ
195 829 231 891 ἐκ
243 849 277 890 τε
289 820 474 908 Ἀχιλληίου
484 820 605 899 πόλιος
613 814 812 907 ὁρμεάμενοι
831 825 886 890 καὶ
892 831 1032 909 Σιγείου
1042 824 1123 911 χρό-

118 949 181 990 νον
202 924 255 990 ἐπὶ
276 919 403 1008 συχνδν
417 928 647 1007 Μυτιληναῖοί
664 947 700 988 τε
722 924 778 990 καὶ
795 919 984 1010 Ἀθηναῖοι,
1010 929 1045 992 οί
1062 927 1124 1011 μὲν

118 1023 330 1102 ἀπαιτέοντες
344 1019 406 1109 τήν
419 1023 549 1109 χάρην,
564 1019 736 1109 Ἀθηναῖοι
751 1025 788 1091 δέ
803 1020 880 1091 οὔτε
890 1026 1122 1111 συγγινωσκό-

118 1147 230 1208 μενοι,
255 1117 516 1198 άποδεικνύντες
532 1146 568 1188 τε
589 1119 678 1211 λόγῳ
700 1118 801 1188 οὐδὲν
820 1128 949 1207 μᾶλλον
963 1128 1120 1190 Αἰολεῦσι

117 1217 237 1307 μετεὸν
250 1224 308 1306 τής
320 1216 458 1297 Ἰλιάδος
477 1219 587 1306 χώρης
602 1214 631 1306 ἢ
642 1217 684 1287 οὐ
703 1222 758 1287 καὶ
778 1225 872 1305 σφίσι
888 1223 944 1287 καὶ
960 1234 1046 1287 τοῖσι
1061 1216 1123 1288 άλ·

117 1328 216 1404 λοισι,
231 1314 305 1386 ὅσοι
314 1315 483 1404 Ἑλλήνων
495 1318 745 1404 συνεπρήξαντο
753 1321 913 1408 Μενέλεω
924 1316 982 1397 τάς
990 1315 1124 1406 Ἑλένης

70 1435 104 1490 95
120 1414 281 1504 ἁρπαγάς.
303 1414 547 1502 Πολεμεάντων
562 1418 601 1484 δέ
611 1437 727 1502 σφεων
737 1431 879 1485 παντοία
889 1419 945 1485 καὶ
956 1416 1041 1487 άλλα
1052 1421 1124 1504 ε’γέ-

118 1540 193 1582 νετο
205 1516 242 1597 ἐν
253 1519 327 1601 τῇσι
338 1513 471 1601 μάχησι,
484 1515 521 1579 ἐν
532 1514 568 1580 δέ
579 1509 619 1598 δή
632 1515 688 1582 καί
698 1510 847 1592 Ἀλκαϊος
858 1512 876 1583 ὁ
888 1513 1026 1603 ποιητής
1037 1537 1123 1603 συμ

118 1620 219 1702 βολῆς
243 1613 425 1699 γενομένης
448 1615 503 1680 καὶ
526 1609 705 1679 νικεόυτων
723 1609 913 1699 Ἀθηναίων
937 1611 1039 1693 αὐτὸς
1063 1617 1122 1701 μὲν

119 1713 258 1799 φεύγων
271 1710 445 1797 ἐκφεύγει,
461 1709 502 1779 τά
519 1715 559 1780 δέ
571 1716 606 1780 οί
617 1708 704 1779 ὅπλα
719 1720 848 1797 ίσχουσι
860 1709 1050 1799 Ἀθηναῖοι,
1070 1720 1125 1781 καί

118 1834 205 1898 σφεα
216 1809 448 1897 ἀνεκρέμασαν
459 1809 544 1898 πρὸς
555 1809 591 1879 τὰ
604 1808 787 1898 Ἀθήναιον
796 1808 834 1878 τδ
845 1814 885 1880 ἐν
891 1818 1025 1903 Σιγείῳ.
1041 1819 1124 1880 vat]-

118 1938 158 1979 τα
176 1912 212 1979 δέ
229 1908 378 1990 Ἀλκαίος
392 1913 430 1979 ἐν
443 1915 537 1997 μέλει·
549 1911 690 1997 ποιήσας
705 1913 851 1979 ἐπιτιθεῖ
861 1915 894 1990 ἐς
909 1912 1122 1999 Μυτιλήνην,

119 2008 396 2097 ἐξαγγελλόμενος
405 2007 443 2076 τὸ
451 2012 579 2077 ἑωυτοῦ
587 2010 915 2101 πάθοςΜελανίππρι
928 2008 1027 2097 άνδρλ
1037 2014 1124 2079 ἑταί-

119 2134 175 2198 ρω.
214 2112 468 2193 Μυτιληναίους
485 2107 522 2175 δ
537 2109 592 2175 καί
609 2103 809 2233 Ἀθηναίους
826 2079 1008 2196 κατήλλαξε
1021 2117 1122 2196 Περί-

119 2205 272 2296 ανδρος“
258 2237 276 2277 ο
294 2213 471 2291 Κυψέλου
497 2210 606 2278 τούτω
626 2209 691 2298 γάρ
710 2216 860 2301 διαιτητῇ
879 2212 1123 2301 ἐπετράποντο

118 2308 298 2395 κατήλλαξε
313 2310 350 2377 δέ
366 2301 431 2376 ωδε
439 2313 658 2396 ,νέμεσθαι
641 2312 817 2397 εκατέρους
830 2308 893 2397 τήν
906 2317 1027 2397 έχουσι.
1062 2316 1122 2380 Σί-

70 2430 104 2484 96
119 2434 212 2494 γειον
227 2409 289 2494 μέν
304 2433 370 2475 νυν
385 2406 474 2476 οὕτω
490 2405 651 2493 ἐγένετο’
634 2432 681 2475 απ
685 2405 925 2495 Ἀ’θηναίοισι.
947 2405 1075 2496 Ἱππίης
1089 2411 1122 2476 δὲ

117 2515 226 2579 ἐπείτε
253 2505 421 2577 άπίκετο’
403 2536 440 2578 εκ
454 2517 513 2595 τῆς
523 2511 803 2596 Λακεδαίμονος’
786 2537 818 2587 ες
832 2505 894 2595 τήν
909 2507 1039 2595 Ἀσίην,
1057 2515 1122 2576 πᾶν

117 2615 225 2694 χρῆμα
241 2609 362 2694 ἐκίνεε,
385 2606 577 2694 διαβάλλων
596 2633 633 2675 τε
652 2604 732 2686 τούς
745 2604 946 2694 Ἀθηναίους
966 2604 1052 2693 πρὸς
1064 2602 1123 2675 τὸν

114 2706 354 2828 Ἀρταφέρνεα
353 2708 407 2773 καὶ
429 2709 553 2773 ποιέων
574 2704 721 2792 ἅπαντα,
746 2703 833 2783 ὅκως
853 2710 892 2773 αί
906 2703 1050 2792 Ἀθήνπι
1068 2728 1123 2790 γε·

17 2807 21 2812 ’
117 2802 268 2874 νοίατο“
250 2802 312 2872 υπ’
337 2807 449 2893 ἑωυτῷ
465 2829 501 2870 τε
521 2807 576 2872 καὶ
592 2811 735 2894 Δαρείω.
765 2802 892 2892 Ἱππίης
911 2831 947 2872 τε
964 2802 1005 2891 δή
1020 2826 1122 2872 ταυτα

118 2916 277 2994 ἔπρησσε,
292 2907 347 2973 και
360 2930 391 2970 οι
384 2899 573 2990 Ἀθηναῖοι
585 2904 776 2991 πυθόμενοι
791 2912 896 2973 ταῦτα
911 2904 1122 2990 πέμπουσιές

117 3006 245 3087 Σάρδις
265 3001 442 3088 ἀγγέλους,
469 2999 532 3070 οὐκ
553 3005 672 3082 ἐῶντες
693 3002 772 3083 τούς
791 3006 923 3088 Πέρσας
943 3008 1121 3072 πείθεσθαι

114 3101 553 3189 Ἀθηναίωντοίσιφυγάσι·
565 3100 628 3172 ὁδε
639 3101 1119 3190 Ἀρταφέρνηςέκέλενέσφεας,

119 3204 339 3317 είβουλοίατο
368 3194 440 3264 σόοι
466 3198 568 3287 εἶναι,
597 3196 879 3270 καταδέκεσθαι’
862 3205 968 3267 οπίσω
982 3197 1117 3284 ’.Ιππίην
1162 3196 1165 3269 ί

118 3291 182 3362 οὐκ
198 3321 246 3362 ων
257 3292 294 3361 δ
278 3323 297 3380 η
310 3298 501 3365 ἐνεδέκοντο
512 3297 591 3379 τούς
602 3299 725 3386 λόγους
735 3296 1034 3385 άποφερομένους’
1028 3307 1118 3382 Αθη-
