<?xml version="1.0" encoding="UTF-8"?>
<!DOCTYPE html PUBLIC "-//W3C//DTD XHTML 1.0 Transitional//EN"
    "http://www.w3.org/TR/xhtml1/DTD/xhtml1-transitional.dtd">
<html xmlns="http://www.w3.org/1999/xhtml" xml:lang="en" lang="en">
 <head>
  <title>
</title>
<meta http-equiv="Content-Type" content="text/html;charset=utf-8" />
  <meta name='ocr-system' content='tesseract 3.04.00' />
  <meta name='ocr-capabilities' content='ocr_page ocr_carea ocr_par ocr_line ocrx_word'/>
</head>
<body>
  <div class='ocr_page' id='page_1' title='image "./herodotihistori01herogoog_0071.png"; bbox 0 0 2378 3840; ppageno 0'>
   <div class='ocr_carea' id='block_1_1' title="bbox 207 165 839 228">
    <p class='ocr_par' dir='ltr' id='par_1_1' title="bbox 207 165 839 228">
     <span class='ocr_line' id='line_1_1' title="bbox 207 165 839 228; baseline 0 0"><span class='ocrx_word' id='word_1_1' title='bbox 207 165 251 228; x_wconf 66' lang='grc' dir='ltr'><strong><em>ἥδ</em></strong></span> <span class='ocrx_word' id='word_1_2' title='bbox 585 171 839 228; x_wconf 75' lang='grc' dir='ltr'><strong>ΗΕΒΟΒΟΤΙ</strong></span> 
     </span>
    </p>
   </div>
   <div class='ocr_carea' id='block_1_2' title="bbox 77 322 1189 2779">
    <p class='ocr_par' dir='ltr' id='par_1_2' title="bbox 77 322 1189 1701">
     <span class='ocr_line' id='line_1_2' title="bbox 77 322 1187 420; baseline 0.007 -27"><span class='ocrx_word' id='word_1_3' title='bbox 77 372 92 393; x_wconf 51' lang='grc' dir='ltr'><strong><em>ι</em></strong></span> <span class='ocrx_word' id='word_1_4' title='bbox 207 322 273 395; x_wconf 83' lang='grc' dir='ltr'><strong><em>ἀπό</em></strong></span> <span class='ocrx_word' id='word_1_5' title='bbox 288 329 458 416; x_wconf 73' lang='grc' dir='ltr'><strong><em>βασιλέος,</em></strong></span> <span class='ocrx_word' id='word_1_6' title='bbox 474 330 529 396; x_wconf 77' lang='grc' dir='ltr'><strong><em>καί</em></strong></span> <span class='ocrx_word' id='word_1_7' title='bbox 540 325 621 415; x_wconf 78' lang='grc' dir='ltr'><strong><em>ὑμῖν</em></strong></span> <span class='ocrx_word' id='word_1_8' title='bbox 634 330 768 417; x_wconf 82' lang='grc' dir='ltr'><strong><em>παρέχει</em></strong></span> <span class='ocrx_word' id='word_1_9' title='bbox 778 327 944 410; x_wconf 77' lang='grc' dir='ltr'><strong><em>σοι’ζεσδαι</em></strong></span> <span class='ocrx_word' id='word_1_10' title='bbox 957 333 1010 401; x_wconf 80' lang='grc' dir='ltr'><strong><em>έπί</em></strong></span> <span class='ocrx_word' id='word_1_11' title='bbox 1021 331 1083 420; x_wconf 83' lang='grc' dir='ltr'><strong><em>τήν</em></strong></span> <span class='ocrx_word' id='word_1_12' title='bbox 1094 329 1187 420; x_wconf 86' lang='grc' dir='ltr'><strong><em>ὑμετ</em></strong></span> 
     </span>
     <span class='ocr_line' id='line_1_3' title="bbox 208 422 1189 517; baseline 0.009 -25"><span class='ocrx_word' id='word_1_13' title='bbox 208 451 272 512; x_wconf 92' lang='grc' dir='ltr'><strong><em>ρην</em></strong></span> <span class='ocrx_word' id='word_1_14' title='bbox 286 422 408 494; x_wconf 76' lang='grc' dir='ltr'><strong><em>αὐτῶν.</em></strong></span> <span class='ocrx_word' id='word_1_15' title='bbox 427 427 521 513; x_wconf 83' lang='grc' dir='ltr'><strong><em>μέχρι</em></strong></span> <span class='ocrx_word' id='word_1_16' title='bbox 536 429 598 513; x_wconf 73' lang='grc' dir='ltr'><strong><em>μέν</em></strong></span> <span class='ocrx_word' id='word_1_17' title='bbox 609 426 781 512; x_wconf 75' lang='grc' dir='ltr'><strong><em>θαλάσσης</em></strong></span> <span class='ocrx_word' id='word_1_18' title='bbox 794 424 924 496; x_wconf 77' lang='grc' dir='ltr'><strong><em>αὐτοῖσι</em></strong></span> <span class='ocrx_word' id='word_1_19' title='bbox 937 427 1030 517; x_wconf 73' lang='grc' dir='ltr'><strong><em>ὑμῖν,</em></strong></span> <span class='ocrx_word' id='word_1_20' title='bbox 1044 428 1082 499; x_wconf 88' lang='grc' dir='ltr'><strong><em>τό</em></strong></span> <span class='ocrx_word' id='word_1_21' title='bbox 1097 432 1134 500; x_wconf 76' lang='grc' dir='ltr'><strong><em>δέ</em></strong></span> <span class='ocrx_word' id='word_1_22' title='bbox 1144 428 1167 500; x_wconf 85' lang='grc' dir='ltr'><strong><em>ἀ</em></strong></span> <span class='ocrx_word' id='word_1_23' title='bbox 1177 468 1189 490; x_wconf 66' lang='grc' dir='ltr'><strong><em>ν</em></strong></span> 
     </span>
     <span class='ocr_line' id='line_1_4' title="bbox 208 522 1187 613; baseline 0.004 -21"><span class='ocrx_word' id='word_1_24' title='bbox 208 524 330 593; x_wconf 77' lang='grc' dir='ltr'><strong><em>τούτου</em></strong></span> <span class='ocrx_word' id='word_1_25' title='bbox 343 522 425 613; x_wconf 71' lang='grc' dir='ltr'><strong><em>ἡμῖν</em></strong></span> <span class='ocrx_word' id='word_1_26' title='bbox 437 523 501 612; x_wconf 87' lang='grc' dir='ltr'><strong><em>ήδη</em></strong></span> <span class='ocrx_word' id='word_1_27' title='bbox 512 525 656 613; x_wconf 85' lang='grc' dir='ltr'><strong><em>μελήσει.</em></strong></span> <span class='ocrx_word' id='word_1_28' title='bbox 678 531 782 593; x_wconf 77' lang='grc' dir='ltr'><strong><em>ταῦτα</em></strong></span> <span class='ocrx_word' id='word_1_29' title='bbox 796 527 833 594; x_wconf 80' lang='grc' dir='ltr'><strong><em>δὲ</em></strong></span> <span class='ocrx_word' id='word_1_30' title='bbox 843 523 1048 609; x_wconf 81' lang='grc' dir='ltr'><strong><em>ἀκούσαντες</em></strong></span> <span class='ocrx_word' id='word_1_31' title='bbox 1063 532 1160 596; x_wconf 89' lang='grc' dir='ltr'><strong><em>οίΠα</em></strong></span> <span class='ocrx_word' id='word_1_32' title='bbox 1181 560 1187 586; x_wconf 76' lang='lat'><em>0</em></span> 
     </span>
     <span class='ocr_line' id='line_1_5' title="bbox 207 621 1189 713; baseline 0.001 -22"><span class='ocrx_word' id='word_1_33' title='bbox 207 649 262 703; x_wconf 87' lang='grc' dir='ltr'><strong><em>νες</em></strong></span> <span class='ocrx_word' id='word_1_34' title='bbox 268 623 374 711; x_wconf 82' lang='grc' dir='ltr'><strong><em>κάρτα</em></strong></span> <span class='ocrx_word' id='word_1_35' title='bbox 385 649 421 694; x_wconf 90' lang='grc' dir='ltr'><strong><em>τε</em></strong></span> <span class='ocrx_word' id='word_1_36' title='bbox 434 621 605 693; x_wconf 85' lang='grc' dir='ltr'><strong><em>ἀσπαστόν</em></strong></span> <span class='ocrx_word' id='word_1_37' title='bbox 617 623 825 712; x_wconf 79' lang='grc' dir='ltr'><strong><em>ἐποιήσαντο,</em></strong></span> <span class='ocrx_word' id='word_1_38' title='bbox 833 626 888 694; x_wconf 76' lang='grc' dir='ltr'><strong><em>καὶ</em></strong></span> <span class='ocrx_word' id='word_1_39' title='bbox 895 621 1122 713; x_wconf 82' lang='grc' dir='ltr'><strong><em>ἀναλαβόντες</em></strong></span> <span class='ocrx_word' id='word_1_40' title='bbox 1133 649 1189 694; x_wconf 89' lang='grc' dir='ltr'><strong><em>πα</em></strong></span> 
     </span>
     <span class='ocr_line' id='line_1_6' title="bbox 207 721 1187 810; baseline 0.003 -20"><span class='ocrx_word' id='word_1_41' title='bbox 207 722 267 802; x_wconf 89' lang='grc' dir='ltr'><strong><em>δάς</em></strong></span> <span class='ocrx_word' id='word_1_42' title='bbox 280 750 316 792; x_wconf 88' lang='grc' dir='ltr'><strong><em>τε</em></strong></span> <span class='ocrx_word' id='word_1_43' title='bbox 329 725 386 792; x_wconf 78' lang='grc' dir='ltr'><strong><em>καὶ</em></strong></span> <span class='ocrx_word' id='word_1_44' title='bbox 401 737 563 809; x_wconf 80' lang='grc' dir='ltr'><strong><em>γνναλκας</em></strong></span> <span class='ocrx_word' id='word_1_45' title='bbox 577 721 822 810; x_wconf 74' lang='grc' dir='ltr'><em>ἀπεδίδρησκον</em></span> <span class='ocrx_word' id='word_1_46' title='bbox 837 725 890 792; x_wconf 78' lang='grc' dir='ltr'><strong><em>ἐπὶ</em></strong></span> <span class='ocrx_word' id='word_1_47' title='bbox 903 723 1098 793; x_wconf 75' lang='grc' dir='ltr'><strong><em>θάλασσαν·</em></strong></span> <span class='ocrx_word' id='word_1_48' title='bbox 1127 729 1162 793; x_wconf 90' lang='grc' dir='ltr'><strong><em>οί</em></strong></span> <span class='ocrx_word' id='word_1_49' title='bbox 1182 760 1187 783; x_wconf 76' lang='grc' dir='ltr'><strong><em>ι</em></strong></span> 
     </span>
     <span class='ocr_line' id='line_1_7' title="bbox 206 816 1182 911; baseline -0.001 -21"><span class='ocrx_word' id='word_1_50' title='bbox 206 846 295 900; x_wconf 88' lang='grc' dir='ltr'><strong><em>τινες</em></strong></span> <span class='ocrx_word' id='word_1_51' title='bbox 308 817 420 890; x_wconf 76' lang='grc' dir='ltr'><strong><em>αὐτόν</em></strong></span> <span class='ocrx_word' id='word_1_52' title='bbox 441 824 496 890; x_wconf 77' lang='grc' dir='ltr'><strong><em>καί</em></strong></span> <span class='ocrx_word' id='word_1_53' title='bbox 512 824 710 907; x_wconf 89' lang='grc' dir='ltr'><strong><em>κατέμειναν</em></strong></span> <span class='ocrx_word' id='word_1_54' title='bbox 727 816 981 911; x_wconf 83' lang='grc' dir='ltr'><strong><em>ἀρρωδήσαντες</em></strong></span> <span class='ocrx_word' id='word_1_55' title='bbox 994 818 1108 890; x_wconf 79' lang='grc' dir='ltr'><strong><em>αὐτοῦ.</em></strong></span> <span class='ocrx_word' id='word_1_56' title='bbox 1123 823 1182 889; x_wconf 88' lang='grc' dir='ltr'><strong><em>έπε</em></strong></span> 
     </span>
     <span class='ocr_line' id='line_1_8' title="bbox 207 917 1189 1006; baseline -0.002 -18"><span class='ocrx_word' id='word_1_57' title='bbox 207 945 243 988; x_wconf 86' lang='grc' dir='ltr'><strong><em>τε</em></strong></span> <span class='ocrx_word' id='word_1_58' title='bbox 264 921 300 987; x_wconf 76' lang='grc' dir='ltr'><strong><em>δέ</em></strong></span> <span class='ocrx_word' id='word_1_59' title='bbox 319 923 355 986; x_wconf 88' lang='grc' dir='ltr'><strong><em>οί</em></strong></span> <span class='ocrx_word' id='word_1_60' title='bbox 364 925 510 1000; x_wconf 77' lang='grc' dir='ltr'><strong><em>Παίονες</em></strong></span> <span class='ocrx_word' id='word_1_61' title='bbox 523 917 684 989; x_wconf 88' lang='grc' dir='ltr'><strong><em>ἀπίκοντο</em></strong></span> <span class='ocrx_word' id='word_1_62' title='bbox 704 921 757 989; x_wconf 75' lang='grc' dir='ltr'><strong><em>ἐπὶ</em></strong></span> <span class='ocrx_word' id='word_1_63' title='bbox 772 920 950 995; x_wconf 71' lang='grc' dir='ltr'><strong><em>θάλασσαν</em></strong></span> <span class='ocrx_word' id='word_1_64' title='bbox 956 971 967 1006; x_wconf 88' lang='grc'><strong><em>,</em></strong></span> <span class='ocrx_word' id='word_1_65' title='bbox 993 924 1156 997; x_wconf 69' lang='grc' dir='ltr'><strong><em>ἐνθεῦτεν</em></strong></span> <span class='ocrx_word' id='word_1_66' title='bbox 1183 955 1189 976; x_wconf 69' lang='lat' dir='ltr'><em>s</em></span> 
     </span>
     <span class='ocr_line' id='line_1_9' title="bbox 206 1015 1167 1110; baseline -0.001 -22"><span class='ocrx_word' id='word_1_67' title='bbox 206 1025 291 1088; x_wconf 91' lang='grc' dir='ltr'><strong><em>Χίον</em></strong></span> <span class='ocrx_word' id='word_1_68' title='bbox 306 1019 474 1107; x_wconf 78' lang='grc' dir='ltr'><em>διέβησαν.</em></span> <span class='ocrx_word' id='word_1_69' title='bbox 507 1020 633 1089; x_wconf 84' lang='grc' dir='ltr'><strong><em>έόντιον</em></strong></span> <span class='ocrx_word' id='word_1_70' title='bbox 648 1021 685 1088; x_wconf 78' lang='grc' dir='ltr'><strong><em>δὲ</em></strong></span> <span class='ocrx_word' id='word_1_71' title='bbox 697 1015 762 1106; x_wconf 89' lang='grc' dir='ltr'><strong><em>ήδη</em></strong></span> <span class='ocrx_word' id='word_1_72' title='bbox 777 1024 814 1087; x_wconf 89' lang='grc' dir='ltr'><strong><em>έν</em></strong></span> <span class='ocrx_word' id='word_1_73' title='bbox 827 1025 898 1110; x_wconf 72' lang='grc' dir='ltr'><strong><em>Χίῳ</em></strong></span> <span class='ocrx_word' id='word_1_74' title='bbox 913 1017 997 1088; x_wconf 79' lang='grc' dir='ltr'><strong><em>κατὰ</em></strong></span> <span class='ocrx_word' id='word_1_75' title='bbox 1013 1019 1120 1098; x_wconf 91' lang='grc' dir='ltr'><strong><em>πόδας</em></strong></span> <span class='ocrx_word' id='word_1_76' title='bbox 1132 1021 1167 1088; x_wconf 87' lang='grc' dir='ltr'><strong><em>έλ</em></strong></span> 
     </span>
     <span class='ocr_line' id='line_1_10' title="bbox 206 1114 1183 1205; baseline -0.003 -18"><span class='ocrx_word' id='word_1_77' title='bbox 206 1118 310 1187; x_wconf 77' lang='grc' dir='ltr'><strong><em>λόθεε</em></strong></span> <span class='ocrx_word' id='word_1_78' title='bbox 316 1121 475 1205; x_wconf 85' lang='grc' dir='ltr'><strong><em>Περσέων</em></strong></span> <span class='ocrx_word' id='word_1_79' title='bbox 490 1122 591 1198; x_wconf 84' lang='grc' dir='ltr'><strong><em>ἵππος</em></strong></span> <span class='ocrx_word' id='word_1_80' title='bbox 602 1115 708 1203; x_wconf 86' lang='grc' dir='ltr'><strong><em>πολλή</em></strong></span> <span class='ocrx_word' id='word_1_81' title='bbox 722 1116 890 1192; x_wconf 79' lang='grc' dir='ltr'><strong><em>διόκονσα</em></strong></span> <span class='ocrx_word' id='word_1_82' title='bbox 902 1114 1151 1196; x_wconf 86' lang='grc' dir='ltr'><strong><em>τοδςΠαίονας·</em></strong></span> <span class='ocrx_word' id='word_1_83' title='bbox 1170 1151 1183 1172; x_wconf 56' lang='grc' dir='ltr'><strong><em>ι</em></strong></span> 
     </span>
     <span class='ocr_line' id='line_1_11' title="bbox 207 1211 1186 1304; baseline 0.001 -23"><span class='ocrx_word' id='word_1_84' title='bbox 207 1217 243 1282; x_wconf 79' lang='grc' dir='ltr'><strong><em>δέ</em></strong></span> <span class='ocrx_word' id='word_1_85' title='bbox 258 1211 300 1281; x_wconf 86' lang='grc' dir='ltr'><strong><em>οό</em></strong></span> <span class='ocrx_word' id='word_1_86' title='bbox 313 1216 514 1304; x_wconf 81' lang='grc' dir='ltr'><strong><em>κατέλαβον,</em></strong></span> <span class='ocrx_word' id='word_1_87' title='bbox 531 1217 772 1304; x_wconf 72' lang='grc' dir='ltr'><strong><em>ἐπηγγέλλοντο</em></strong></span> <span class='ocrx_word' id='word_1_88' title='bbox 789 1213 894 1303; x_wconf 76' lang='grc' dir='ltr'><strong><em>ἐςτήν</em></strong></span> <span class='ocrx_word' id='word_1_89' title='bbox 907 1221 993 1285; x_wconf 85' lang='grc' dir='ltr'><strong><em>Χίον</em></strong></span> <span class='ocrx_word' id='word_1_90' title='bbox 1005 1228 1091 1284; x_wconf 73' lang='grc' dir='ltr'><strong><em>τοῖσι</em></strong></span> <span class='ocrx_word' id='word_1_91' title='bbox 1100 1219 1186 1284; x_wconf 91' lang='grc' dir='ltr'><strong><em>Παίο</em></strong></span> 
     </span>
     <span class='ocr_line' id='line_1_12' title="bbox 205 1311 1166 1402; baseline -0.001 -20"><span class='ocrx_word' id='word_1_92' title='bbox 205 1336 255 1402; x_wconf 88' lang='grc' dir='ltr'><strong><em>σι,</em></strong></span> <span class='ocrx_word' id='word_1_93' title='bbox 274 1311 416 1395; x_wconf 82' lang='grc' dir='ltr'><strong><em>όκιιςάν</em></strong></span> <span class='ocrx_word' id='word_1_94' title='bbox 427 1313 533 1386; x_wconf 80' lang='grc' dir='ltr'><em>ὀπίσω</em></span> <span class='ocrx_word' id='word_1_95' title='bbox 544 1315 733 1386; x_wconf 69' lang='grc' dir='ltr'><strong><em>ἀπέλθοιεν.</em></strong></span> <span class='ocrx_word' id='word_1_96' title='bbox 753 1320 787 1383; x_wconf 84' lang='grc' dir='ltr'><strong><em>οί</em></strong></span> <span class='ocrx_word' id='word_1_97' title='bbox 795 1316 831 1385; x_wconf 78' lang='grc' dir='ltr'><strong><em>δὲ</em></strong></span> <span class='ocrx_word' id='word_1_98' title='bbox 840 1321 985 1395; x_wconf 84' lang='grc' dir='ltr'><strong><em>Παίονες</em></strong></span> <span class='ocrx_word' id='word_1_99' title='bbox 993 1312 1074 1394; x_wconf 84' lang='grc' dir='ltr'><strong><em>τοδς</em></strong></span> <span class='ocrx_word' id='word_1_100' title='bbox 1084 1313 1166 1400; x_wconf 92' lang='grc' dir='ltr'><strong><em>λόγο</em></strong></span> 
     </span>
     <span class='ocr_line' id='line_1_13' title="bbox 204 1411 1183 1503; baseline -0.001 -22"><span class='ocrx_word' id='word_1_101' title='bbox 204 1411 267 1483; x_wconf 83' lang='grc' dir='ltr'><strong><em>οὐκ</em></strong></span> <span class='ocrx_word' id='word_1_102' title='bbox 282 1415 491 1503; x_wconf 78' lang='grc' dir='ltr'><strong><em>ἐνεδέκοντο,</em></strong></span> <span class='ocrx_word' id='word_1_103' title='bbox 508 1412 582 1485; x_wconf 89' lang='grc' dir='ltr'><strong><em>ἀλλ’</em></strong></span> <span class='ocrx_word' id='word_1_104' title='bbox 599 1418 637 1485; x_wconf 83' lang='grc' dir='ltr'><strong><em>έκ</em></strong></span> <span class='ocrx_word' id='word_1_105' title='bbox 649 1421 736 1486; x_wconf 85' lang='grc' dir='ltr'><strong><em>Χίον</em></strong></span> <span class='ocrx_word' id='word_1_106' title='bbox 750 1414 813 1502; x_wconf 73' lang='grc' dir='ltr'><strong><em>μὲν</em></strong></span> <span class='ocrx_word' id='word_1_107' title='bbox 822 1421 903 1485; x_wconf 75' lang='grc' dir='ltr'><strong><em>Χῖοί</em></strong></span> <span class='ocrx_word' id='word_1_108' title='bbox 912 1436 1017 1502; x_wconf 85' lang='grc' dir='ltr'><strong><em>σφεας</em></strong></span> <span class='ocrx_word' id='word_1_109' title='bbox 1031 1416 1183 1501; x_wconf 83' lang='grc' dir='ltr'><strong><em>έςΛέσβο</em></strong></span> 
     </span>
     <span class='ocr_line' id='line_1_14' title="bbox 202 1512 1181 1607; baseline -0.001 -28"><span class='ocrx_word' id='word_1_110' title='bbox 202 1512 347 1599; x_wconf 83' lang='grc' dir='ltr'><strong><em>ἤγαγον,</em></strong></span> <span class='ocrx_word' id='word_1_111' title='bbox 364 1514 553 1607; x_wconf 57' lang='grc' dir='ltr'><strong><em>Λέσβιοςδδ</em></strong></span> <span class='ocrx_word' id='word_1_112' title='bbox 568 1517 601 1594; x_wconf 87' lang='grc' dir='ltr'><strong><em>ές</em></strong></span> <span class='ocrx_word' id='word_1_113' title='bbox 611 1520 782 1601; x_wconf 81' lang='grc' dir='ltr'><strong><em>Δορίσκον</em></strong></span> <span class='ocrx_word' id='word_1_114' title='bbox 795 1513 970 1600; x_wconf 73' lang='grc' dir='ltr'><strong><em>ἐκόμισαν·</em></strong></span> <span class='ocrx_word' id='word_1_115' title='bbox 993 1516 1155 1582; x_wconf 70' lang='grc' dir='ltr'><strong><em>ἐνθεῦτεν</em></strong></span> <span class='ocrx_word' id='word_1_116' title='bbox 1175 1545 1181 1570; x_wconf 75' lang='grc' dir='ltr'><strong><em>ι</em></strong></span> 
     </span>
     <span class='ocr_line' id='line_1_15' title="bbox 202 1611 914 1701; baseline 0.003 -23"><span class='ocrx_word' id='word_1_117' title='bbox 202 1617 281 1701; x_wconf 79' lang='grc' dir='ltr'><strong><em>πεζή</em></strong></span> <span class='ocrx_word' id='word_1_118' title='bbox 295 1612 506 1699; x_wconf 79' lang='grc' dir='ltr'><strong><em>κομιζόμενοι</em></strong></span> <span class='ocrx_word' id='word_1_119' title='bbox 519 1611 678 1682; x_wconf 76' lang='grc' dir='ltr'><strong><em>ἀπίκοντο</em></strong></span> <span class='ocrx_word' id='word_1_120' title='bbox 694 1615 728 1692; x_wconf 87' lang='grc' dir='ltr'><strong><em>ές</em></strong></span> <span class='ocrx_word' id='word_1_121' title='bbox 739 1619 914 1699; x_wconf 91' lang='grc' dir='ltr'><strong><em>Παιονίην.</em></strong></span> 
     </span>
    </p>

    <p class='ocr_par' dir='ltr' id='par_1_3' title="bbox 153 1705 1185 1994">
     <span class='ocr_line' id='line_1_16' title="bbox 153 1705 1144 1799; baseline -0.003 -20"><span class='ocrx_word' id='word_1_122' title='bbox 153 1723 189 1779; x_wconf 80' lang='grc'><strong><em>99</em></strong></span> <span class='ocrx_word' id='word_1_123' title='bbox 284 1708 519 1799; x_wconf 75' lang='grc' dir='ltr'><strong><em>Ἀρισταγόρης</em></strong></span> <span class='ocrx_word' id='word_1_124' title='bbox 528 1712 576 1798; x_wconf 75' lang='grc' dir='ltr'><strong><em>δέ,</em></strong></span> <span class='ocrx_word' id='word_1_125' title='bbox 589 1708 701 1797; x_wconf 78' lang='grc' dir='ltr'><strong><em>ἐπειδή</em></strong></span> <span class='ocrx_word' id='word_1_126' title='bbox 714 1714 749 1778; x_wconf 79' lang='grc' dir='ltr'><strong><em>οἵ</em></strong></span> <span class='ocrx_word' id='word_1_127' title='bbox 756 1737 792 1778; x_wconf 92' lang='grc' dir='ltr'><strong><em>τε</em></strong></span> <span class='ocrx_word' id='word_1_128' title='bbox 801 1708 973 1796; x_wconf 75' lang='grc' dir='ltr'><strong><em>Ἀθηναῖοι</em></strong></span> <span class='ocrx_word' id='word_1_129' title='bbox 984 1705 1144 1783; x_wconf 82' lang='grc' dir='ltr'><strong><em>ἀπίκοντο</em></strong></span> 
     </span>
     <span class='ocr_line' id='line_1_17' title="bbox 201 1807 1185 1898; baseline 0 -22"><span class='ocrx_word' id='word_1_130' title='bbox 201 1824 276 1876; x_wconf 83' lang='grc' dir='ltr'><strong><em>κοσι</em></strong></span> <span class='ocrx_word' id='word_1_131' title='bbox 290 1813 406 1895; x_wconf 79' lang='grc' dir='ltr'><strong><em>νηνσδ,</em></strong></span> <span class='ocrx_word' id='word_1_132' title='bbox 422 1808 491 1896; x_wconf 85' lang='grc' dir='ltr'><strong><em>ἀμα</em></strong></span> <span class='ocrx_word' id='word_1_133' title='bbox 506 1808 665 1896; x_wconf 83' lang='grc' dir='ltr'><strong><em>ἀγόμενοι</em></strong></span> <span class='ocrx_word' id='word_1_134' title='bbox 679 1807 870 1897; x_wconf 75' lang='grc' dir='ltr'><strong><em>Ἐρετριέων</em></strong></span> <span class='ocrx_word' id='word_1_135' title='bbox 883 1811 981 1877; x_wconf 90' lang='grc' dir='ltr'><strong><em>πέντε</em></strong></span> <span class='ocrx_word' id='word_1_136' title='bbox 991 1807 1158 1898; x_wconf 78' lang='grc' dir='ltr'><strong><em>τριήρεας,</em></strong></span> <span class='ocrx_word' id='word_1_137' title='bbox 1179 1841 1185 1869; x_wconf 82' lang='grc' dir='ltr'><strong><em>ι</em></strong></span> 
     </span>
     <span class='ocr_line' id='line_1_18' title="bbox 202 1902 1182 1994; baseline 0.003 -21"><span class='ocrx_word' id='word_1_138' title='bbox 202 1904 243 1973; x_wconf 83' lang='grc' dir='ltr'><strong><em>οὐ</em></strong></span> <span class='ocrx_word' id='word_1_139' title='bbox 256 1903 319 1992; x_wconf 85' lang='grc' dir='ltr'><strong><em>τήν</em></strong></span> <span class='ocrx_word' id='word_1_140' title='bbox 330 1902 520 1993; x_wconf 76' lang='grc' dir='ltr'><strong><em>Ἀθηναίων</em></strong></span> <span class='ocrx_word' id='word_1_141' title='bbox 532 1907 631 1994; x_wconf 83' lang='grc' dir='ltr'><strong><em>χάριν</em></strong></span> <span class='ocrx_word' id='word_1_142' title='bbox 645 1906 899 1994; x_wconf 76' lang='grc' dir='ltr'><strong><em>ἐστρατεύοντο,</em></strong></span> <span class='ocrx_word' id='word_1_143' title='bbox 913 1903 997 1977; x_wconf 80' lang='grc' dir='ltr'><strong><em>ἀλλά</em></strong></span> <span class='ocrx_word' id='word_1_144' title='bbox 1013 1904 1076 1994; x_wconf 85' lang='grc' dir='ltr'><strong><em>τήν</em></strong></span> <span class='ocrx_word' id='word_1_145' title='bbox 1091 1904 1182 1976; x_wconf 80' lang='grc' dir='ltr'><strong><em>αάτΙ</em></strong></span> 
     </span>
    </p>

    <p class='ocr_par' dir='ltr' id='par_1_4' title="bbox 139 1997 1189 2778">
     <span class='ocr_line' id='line_1_19' title="bbox 139 1997 1184 2095; baseline 0.001 -24"><span class='ocrx_word' id='word_1_146' title='bbox 139 1997 145 2007; x_wconf 73' lang='grc'>’</span> <span class='ocrx_word' id='word_1_147' title='bbox 183 2045 185 2048; x_wconf 95' lang='grc'>-</span> <span class='ocrx_word' id='word_1_148' title='bbox 200 2011 397 2091; x_wconf 84' lang='grc' dir='ltr'><strong><em>Μιλησίων,</em></strong></span> <span class='ocrx_word' id='word_1_149' title='bbox 413 2003 617 2092; x_wconf 80' lang='grc' dir='ltr'><strong><em>ὀφειλόμενά</em></strong></span> <span class='ocrx_word' id='word_1_150' title='bbox 630 2025 691 2091; x_wconf 85' lang='grc' dir='ltr'><strong><em>σφι</em></strong></span> <span class='ocrx_word' id='word_1_151' title='bbox 706 2002 922 2083; x_wconf 87' lang='grc' dir='ltr'><strong><em>ἀποδιδόντες</em></strong></span> <span class='ocrx_word' id='word_1_152' title='bbox 936 2008 986 2095; x_wconf 79' lang='lat' dir='ltr'><strong><em>(oc</em></strong></span> <span class='ocrx_word' id='word_1_153' title='bbox 996 2000 1063 2090; x_wconf 73' lang='grc' dir='ltr'><strong><em>γήρ</em></strong></span> <span class='ocrx_word' id='word_1_154' title='bbox 1078 2001 1119 2092; x_wconf 77' lang='grc' dir='ltr'><strong><em>δή</em></strong></span> <span class='ocrx_word' id='word_1_155' title='bbox 1131 2011 1184 2072; x_wconf 71' lang='lat' dir='ltr'><strong><em>Mc</em></strong></span> 
     </span>
     <span class='ocr_line' id='line_1_20' title="bbox 200 2099 1187 2191; baseline 0.003 -21"><span class='ocrx_word' id='word_1_156' title='bbox 200 2101 309 2188; x_wconf 89' lang='grc' dir='ltr'><strong><em>λήσιοι</em></strong></span> <span class='ocrx_word' id='word_1_157' title='bbox 329 2102 495 2191; x_wconf 86' lang='grc' dir='ltr'><strong><em>πρότερον</em></strong></span> <span class='ocrx_word' id='word_1_158' title='bbox 520 2118 607 2172; x_wconf 78' lang='grc' dir='ltr'><strong><em>τοῖσι</em></strong></span> <span class='ocrx_word' id='word_1_159' title='bbox 622 2101 820 2189; x_wconf 76' lang='grc' dir='ltr'><strong><em>Ἐρετριεῦσι</em></strong></span> <span class='ocrx_word' id='word_1_160' title='bbox 840 2099 901 2170; x_wconf 84' lang='grc' dir='ltr'><strong><em>τόν</em></strong></span> <span class='ocrx_word' id='word_1_161' title='bbox 921 2100 1005 2191; x_wconf 85' lang='grc' dir='ltr'><strong><em>πρός</em></strong></span> <span class='ocrx_word' id='word_1_162' title='bbox 1018 2103 1187 2173; x_wconf 83' lang='grc' dir='ltr'><strong><em>Χαλκιδέα</em></strong></span> 
     </span>
     <span class='ocr_line' id='line_1_21' title="bbox 199 2197 1189 2290; baseline 0.003 -24"><span class='ocrx_word' id='word_1_163' title='bbox 199 2198 347 2285; x_wconf 89' lang='grc' dir='ltr'><strong><em>πόλεμον</em></strong></span> <span class='ocrx_word' id='word_1_164' title='bbox 370 2201 624 2290; x_wconf 81' lang='grc' dir='ltr'><strong><em>συνδιήνεικαν,</em></strong></span> <span class='ocrx_word' id='word_1_165' title='bbox 661 2197 779 2286; x_wconf 82' lang='grc' dir='ltr'><strong><em>ὅτεπερ</em></strong></span> <span class='ocrx_word' id='word_1_166' title='bbox 807 2203 864 2269; x_wconf 78' lang='grc' dir='ltr'><strong><em>καί</em></strong></span> <span class='ocrx_word' id='word_1_167' title='bbox 882 2205 1084 2271; x_wconf 84' lang='grc' dir='ltr'><strong><em>Χαλκιδεῦσι</em></strong></span> <span class='ocrx_word' id='word_1_168' title='bbox 1106 2199 1189 2269; x_wconf 44' lang='grc' dir='ltr'><strong><em>ἀντι</em></strong></span> 
     </span>
     <span class='ocr_line' id='line_1_22' title="bbox 194 2291 1187 2387; baseline 0.001 -22"><span class='ocrx_word' id='word_1_169' title='bbox 194 2294 385 2383; x_wconf 82' lang='grc' dir='ltr'><strong><em>Ἐρετριέων</em></strong></span> <span class='ocrx_word' id='word_1_170' title='bbox 404 2301 460 2368; x_wconf 79' lang='grc' dir='ltr'><strong><em>καὶ</em></strong></span> <span class='ocrx_word' id='word_1_171' title='bbox 474 2304 652 2385; x_wconf 84' lang='grc' dir='ltr'><strong><em>Μιλησίων</em></strong></span> <span class='ocrx_word' id='word_1_172' title='bbox 671 2298 797 2384; x_wconf 77' lang='grc' dir='ltr'><strong><em>Σάμιοι</em></strong></span> <span class='ocrx_word' id='word_1_173' title='bbox 825 2297 1005 2387; x_wconf 65' lang='grc' dir='ltr'><strong><em>ἐβοήθεον),</em></strong></span> <span class='ocrx_word' id='word_1_174' title='bbox 1037 2291 1133 2369; x_wconf 80' lang='grc' dir='ltr'><strong><em>οὗτοι</em></strong></span> <span class='ocrx_word' id='word_1_175' title='bbox 1154 2325 1187 2366; x_wconf 83' lang='grc' dir='ltr'><strong><em>ει</em></strong></span> 
     </span>
     <span class='ocr_line' id='line_1_23' title="bbox 198 2394 1169 2485; baseline 0.003 -23"><span class='ocrx_word' id='word_1_176' title='bbox 198 2398 307 2464; x_wconf 85' lang='grc' dir='ltr'><strong><em>ε’πείτέ</em></strong></span> <span class='ocrx_word' id='word_1_177' title='bbox 334 2400 401 2484; x_wconf 85' lang='grc' dir='ltr'><strong><em>σφι</em></strong></span> <span class='ocrx_word' id='word_1_178' title='bbox 424 2395 583 2467; x_wconf 86' lang='grc' dir='ltr'><strong><em>ἀπίκοντο</em></strong></span> <span class='ocrx_word' id='word_1_179' title='bbox 605 2401 662 2466; x_wconf 78' lang='grc' dir='ltr'><strong><em>καὶ</em></strong></span> <span class='ocrx_word' id='word_1_180' title='bbox 681 2402 716 2468; x_wconf 89' lang='grc' dir='ltr'><strong><em>οί</em></strong></span> <span class='ocrx_word' id='word_1_181' title='bbox 732 2394 829 2467; x_wconf 86' lang='grc' dir='ltr'><strong><em>ἀλλοι</em></strong></span> <span class='ocrx_word' id='word_1_182' title='bbox 852 2395 1019 2484; x_wconf 77' lang='grc' dir='ltr'><strong><em>σόμμαγοι</em></strong></span> <span class='ocrx_word' id='word_1_183' title='bbox 1034 2405 1169 2485; x_wconf 86' lang='grc' dir='ltr'><strong><em>παρήσα</em></strong></span> 
     </span>
     <span class='ocr_line' id='line_1_24' title="bbox 197 2494 1180 2585; baseline 0.004 -23"><span class='ocrx_word' id='word_1_184' title='bbox 197 2497 341 2563; x_wconf 82' lang='grc' dir='ltr'><strong><em>ἐποιέετο</em></strong></span> <span class='ocrx_word' id='word_1_185' title='bbox 357 2495 565 2584; x_wconf 89' lang='grc' dir='ltr'><strong><em>στρατηίηνό</em></strong></span> <span class='ocrx_word' id='word_1_186' title='bbox 578 2494 813 2584; x_wconf 77' lang='grc' dir='ltr'><strong><em>Ἀρισταγόρης</em></strong></span> <span class='ocrx_word' id='word_1_187' title='bbox 824 2498 856 2574; x_wconf 90' lang='grc' dir='ltr'><strong><em>ές</em></strong></span> <span class='ocrx_word' id='word_1_188' title='bbox 865 2495 1002 2583; x_wconf 85' lang='grc' dir='ltr'><strong><em>Σάρδις.</em></strong></span> <span class='ocrx_word' id='word_1_189' title='bbox 1026 2495 1180 2585; x_wconf 72' lang='grc' dir='ltr'><strong><em>αὐτδςμδ</em></strong></span> 
     </span>
     <span class='ocr_line' id='line_1_25' title="bbox 196 2590 1189 2684; baseline 0.004 -25"><span class='ocrx_word' id='word_1_190' title='bbox 196 2590 293 2679; x_wconf 84' lang='grc' dir='ltr'><strong><em>δή’</em></strong></span> <span class='ocrx_word' id='word_1_191' title='bbox 253 2619 316 2668; x_wconf 78' lang='grc' dir='ltr'><strong><em>ουκ</em></strong></span> <span class='ocrx_word' id='word_1_192' title='bbox 334 2594 558 2682; x_wconf 87' lang='grc' dir='ltr'><strong><em>έστρατεόετο,</em></strong></span> <span class='ocrx_word' id='word_1_193' title='bbox 574 2591 649 2664; x_wconf 85' lang='grc' dir='ltr'><strong><em>ἀλλ’</em></strong></span> <span class='ocrx_word' id='word_1_194' title='bbox 666 2599 762 2681; x_wconf 84' lang='grc' dir='ltr'><strong><em>έμενε</em></strong></span> <span class='ocrx_word' id='word_1_195' title='bbox 776 2597 813 2663; x_wconf 94' lang='grc' dir='ltr'><strong><em>έν</em></strong></span> <span class='ocrx_word' id='word_1_196' title='bbox 825 2593 976 2684; x_wconf 86' lang='grc' dir='ltr'><strong><em>Μιλήτφ,</em></strong></span> <span class='ocrx_word' id='word_1_197' title='bbox 994 2593 1189 2682; x_wconf 84' lang='grc' dir='ltr'><strong><em>στρατηγοδ</em></strong></span> 
     </span>
     <span class='ocr_line' id='line_1_26' title="bbox 195 2688 1181 2779; baseline 0.008 -22"><span class='ocrx_word' id='word_1_198' title='bbox 195 2692 231 2758; x_wconf 75' lang='grc' dir='ltr'><strong><em>δὲ</em></strong></span> <span class='ocrx_word' id='word_1_199' title='bbox 246 2689 368 2770; x_wconf 86' lang='grc' dir='ltr'><strong><em>ἀλλους</em></strong></span> <span class='ocrx_word' id='word_1_200' title='bbox 382 2689 749 2778; x_wconf 82' lang='grc' dir='ltr'><strong><em>ἀπέδεξεΜιλησίοιν</em></strong></span> <span class='ocrx_word' id='word_1_201' title='bbox 719 2719 819 2779; x_wconf 90' lang='grc' dir='ltr'><strong><em>ειναι,</em></strong></span> <span class='ocrx_word' id='word_1_202' title='bbox 837 2689 898 2760; x_wconf 88' lang='grc' dir='ltr'><strong><em>τόν</em></strong></span> <span class='ocrx_word' id='word_1_203' title='bbox 909 2694 1036 2761; x_wconf 83' lang='grc' dir='ltr'><strong><em>ἑωυτον</em></strong></span> <span class='ocrx_word' id='word_1_204' title='bbox 1051 2717 1087 2761; x_wconf 89' lang='grc' dir='ltr'><strong><em>τε</em></strong></span> <span class='ocrx_word' id='word_1_205' title='bbox 1102 2688 1181 2765; x_wconf 83' lang='grc' dir='ltr'><strong><em>ἀδελ</em></strong></span> 
     </span>
    </p>
   </div>
   <div class='ocr_carea' id='block_1_3' title="bbox 191 2983 1174 3077">
    <p class='ocr_par' dir='ltr' id='par_1_5' title="bbox 191 2941 1183 3077">
     <span class='ocr_line' id='line_1_27' title="bbox 191 2983 1174 3077; baseline 0.004 -25.103"><span class='ocrx_word' id='word_1_206' title='bbox 191 2983 253 3071; x_wconf 72' lang='grc' dir='ltr'><strong><em>μέν</em></strong></span> <span class='ocrx_word' id='word_1_207' title='bbox 270 2985 448 3051; x_wconf 88' lang='grc' dir='ltr'><strong><em>κατέλιπον</em></strong></span> <span class='ocrx_word' id='word_1_208' title='bbox 465 2986 502 3052; x_wconf 89' lang='grc' dir='ltr'><strong><em>έν</em></strong></span> <span class='ocrx_word' id='word_1_209' title='bbox 516 2991 734 3077; x_wconf 85' lang='grc' dir='ltr'><strong><em>Κορησσφ</em></strong></span> <span class='ocrx_word' id='word_1_210' title='bbox 694 3013 753 3073; x_wconf 89' lang='grc' dir='ltr'><strong><em>της</em></strong></span> <span class='ocrx_word' id='word_1_211' title='bbox 768 2985 935 3076; x_wconf 88' lang='grc' dir='ltr'><strong><em>Ἐφεσίης,</em></strong></span> <span class='ocrx_word' id='word_1_212' title='bbox 957 2984 1052 3057; x_wconf 78' lang='grc' dir='ltr'><strong><em>αὐτοὶ</em></strong></span> <span class='ocrx_word' id='word_1_213' title='bbox 1067 2989 1105 3057; x_wconf 72' lang='grc' dir='ltr'><strong><em>δὲ</em></strong></span> <span class='ocrx_word' id='word_1_214' title='bbox 1122 2985 1183 3058; x_wconf 80' lang='grc' dir='ltr'><strong><em>ἀν’</em></strong></span> 
     </span>
    </p>
   </div>
   <div class='ocr_carea' id='block_1_4' title="bbox 187 3083 1189 3370">
    <p class='ocr_par' dir='ltr' id='par_1_6' title="bbox 187 3083 1189 3370">
     <span class='ocr_line' id='line_1_28' title="bbox 190 3083 1170 3203; baseline 0.009 -56"><span class='ocrx_word' id='word_1_215' title='bbox 190 3089 312 3169; x_wconf 84' lang='grc' dir='ltr'><strong><em>βαινον</em></strong></span> <span class='ocrx_word' id='word_1_216' title='bbox 327 3083 412 3168; x_wconf 77' lang='grc' dir='ltr'><strong><em>χειρὶ</em></strong></span> <span class='ocrx_word' id='word_1_217' title='bbox 426 3089 533 3203; x_wconf 83' lang='grc' dir='ltr'><strong><em>πολλή</em></strong></span> <span class='ocrx_word' id='word_1_218' title='bbox 548 3084 743 3172; x_wconf 78' lang='grc' dir='ltr'><strong><em>ποιεύμενοι</em></strong></span> <span class='ocrx_word' id='word_1_219' title='bbox 753 3083 955 3173; x_wconf 84' lang='grc' dir='ltr'><strong><em>Ἐφεσίους</em></strong></span> <span class='ocrx_word' id='word_1_220' title='bbox 938 3087 1117 3174; x_wconf 89' lang='grc' dir='ltr'><strong><em>ηγεμόνας.</em></strong></span> <span class='ocrx_word' id='word_1_221' title='bbox 1135 3111 1170 3156; x_wconf 63' lang='grc' dir='ltr'><strong><em>πε</em></strong></span> 
     </span>
     <span class='ocr_line' id='line_1_29' title="bbox 190 3176 1184 3300; baseline 0.008 -56"><span class='ocrx_word' id='word_1_222' title='bbox 190 3176 368 3262; x_wconf 86' lang='grc' dir='ltr'><strong><em>ρενόμενοι</em></strong></span> <span class='ocrx_word' id='word_1_223' title='bbox 386 3181 423 3246; x_wconf 74' lang='grc' dir='ltr'><strong><em>δὲ</em></strong></span> <span class='ocrx_word' id='word_1_224' title='bbox 442 3177 533 3300; x_wconf 77' lang='grc' dir='ltr'><strong><em>παρὰ</em></strong></span> <span class='ocrx_word' id='word_1_225' title='bbox 550 3181 702 3271; x_wconf 86' lang='grc' dir='ltr'><strong><em>ποταμόν</em></strong></span> <span class='ocrx_word' id='word_1_226' title='bbox 714 3186 925 3273; x_wconf 84' lang='grc' dir='ltr'><strong><em>Καόστριον,</em></strong></span> <span class='ocrx_word' id='word_1_227' title='bbox 938 3185 1184 3252; x_wconf 77' lang='grc' dir='ltr'><strong><em>ένθεότενέπεί</em></strong></span> 
     </span>
     <span class='ocr_line' id='line_1_30' title="bbox 187 3268 1189 3370; baseline 0.008 -26"><span class='ocrx_word' id='word_1_228' title='bbox 187 3299 224 3345; x_wconf 85' lang='grc' dir='ltr'><strong><em>τε</em></strong></span> <span class='ocrx_word' id='word_1_229' title='bbox 238 3268 445 3363; x_wconf 82' lang='grc' dir='ltr'><strong><em>νπερβάντες</em></strong></span> <span class='ocrx_word' id='word_1_230' title='bbox 464 3276 525 3348; x_wconf 86' lang='grc' dir='ltr'><strong><em>τόν</em></strong></span> <span class='ocrx_word' id='word_1_231' title='bbox 543 3287 684 3367; x_wconf 76' lang='grc' dir='ltr'><strong><em>Τμῶλον</em></strong></span> <span class='ocrx_word' id='word_1_232' title='bbox 704 3279 924 3369; x_wconf 88' lang='grc' dir='ltr'><strong><em>ἀπίκοντο,α</em></strong></span> <span class='ocrx_word' id='word_1_233' title='bbox 925 3284 1053 3370; x_wconf 86' lang='grc' dir='ltr'><strong><em>ίρέουσι</em></strong></span> <span class='ocrx_word' id='word_1_234' title='bbox 1068 3284 1166 3369; x_wconf 83' lang='grc' dir='ltr'><strong><em>Σάρδ</em></strong></span> <span class='ocrx_word' id='word_1_235' title='bbox 1182 3316 1189 3332; x_wconf 80' lang='grc'><strong><em>·</em></strong></span> 
     </span>
    </p>
   </div>
   <div class='ocr_carea' id='block_1_5' title="bbox 11 3364 1168 3608">
    <p class='ocr_par' dir='ltr' id='par_1_7' title="bbox 11 3364 1168 3608">
     <span class='ocr_line' id='line_1_31' title="bbox 11 3364 1168 3608; baseline 0.013 -170"><span class='ocrx_word' id='word_1_236' title='bbox 11 3364 326 3608; x_wconf 48' lang='lat' dir='ltr'><strong><em>neve&amp;</em></strong></span> <span class='ocrx_word' id='word_1_237' title='bbox 341 3393 402 3463; x_wconf 92' lang='grc' dir='ltr'><strong><em>σφι</em></strong></span> <span class='ocrx_word' id='word_1_238' title='bbox 416 3374 700 3465; x_wconf 78' lang='grc' dir='ltr'><strong><em>ἀντιωθέντος,α</em></strong></span> <span class='ocrx_word' id='word_1_239' title='bbox 679 3383 831 3469; x_wconf 82' lang='grc' dir='ltr'><strong><em>αίρέονσι</em></strong></span> <span class='ocrx_word' id='word_1_240' title='bbox 845 3383 881 3449; x_wconf 79' lang='grc' dir='ltr'><strong><em>δὲ</em></strong></span> <span class='ocrx_word' id='word_1_241' title='bbox 895 3385 995 3468; x_wconf 80' lang='grc' dir='ltr'><strong><em>χωρὶς</em></strong></span> <span class='ocrx_word' id='word_1_242' title='bbox 1011 3389 1070 3470; x_wconf 82' lang='grc' dir='ltr'><strong><em>τῆς</em></strong></span> <span class='ocrx_word' id='word_1_243' title='bbox 1082 3380 1168 3473; x_wconf 89' lang='grc' dir='ltr'><strong><em>ἀκρ</em></strong></span> 
     </span>
     <span class='ocr_line' id='line_1_32' title="bbox 67 3559 997 3608; baseline 0.013 -40"><span class='ocrx_word' id='word_1_244' title='bbox 67 3559 93 3608; x_wconf 60' lang='lat' dir='ltr'><em>J</em></span> <span class='ocrx_word' id='word_1_245' title='bbox 994 3576 997 3580; x_wconf 82' lang='lat'><em>.</em></span> 
     </span>
    </p>
   </div>
   <div class='ocr_carea' id='block_1_6' title="bbox 0 0 1194 3840">
    <p class='ocr_par' dir='ltr' id='par_1_8' title="bbox 0 0 1194 3840">
     <span class='ocr_line' id='line_1_33' title="bbox 0 0 1194 3840; baseline 0 5"><span class='ocrx_word' id='word_1_246' title='bbox 0 0 1194 3840; x_wconf 95' lang='lat' dir='ltr'><strong><em> </em></strong></span> 
     </span>
    </p>
   </div>
  </div>
 </body>
</html>
