2378 3840
126 178 191 242 964
507 175 760 234 HERODOTI

128 336 212 407 ὁδδν
226 337 368 426 ἑκάστην
387 339 489 414 ἵππος
502 361 538 402 τε
552 334 607 401 καὶ
623 329 709 419 ἀνὴρ
724 335 939 419 τεταγμένος,
962 330 1049 412 τούς
1063 331 1137 401 οὔτε

130 433 281 525 νιφετός,
300 435 362 504 οὐκ
376 434 511 523 ὄμβρος,
527 429 568 500 ού
582 438 705 518 καῦμα,
721 427 763 499 ού
777 429 840 510 νύξ
854 435 945 518 ἔργει
957 429 1004 518 μή
1023 429 1070 500 οά
1079 459 1137 500 κα-

129 536 270 604 τανύσαι
289 534 350 603 τόν
369 539 591 622 προκείμενον
617 529 709 622 αύτῷ
739 529 867 617 δρόμου
888 528 952 616 τὴν
966 535 1136 619 ταχίστην.

128 630 223 717 ὁμέν
237 632 277 717 δὴ
293 639 422 719 πρῶτος
437 628 574 718 δραμάν
594 633 775 724 παραδιδοῖ
791 626 832 697 τά
852 631 1082 717 ἐντεταλμένα
1095 639 1139 721 τῷ

129 731 290 818 δευτέρῳ,
311 725 381 798 ὁδέ
401 727 556 815 δεύτερος
576 733 621 817 τῷ
637 732 752 817 τρίτῳ·
779 723 816 793 τό
838 725 875 794 δὲ
889 728 1060 795 ἐνθεῦτεν
1076 725 1139 815 ἤδη

129 824 202 894 κατ’
222 824 325 895 ἀλλον
340 830 533 913 διεξέρχεται
549 825 809 911 παραδιδόμενα,
833 821 982 910 κατάπερ
997 823 1139 913 Ἕλλησι

127 919 148 1007 ἡ
164 928 438 1011 λαμπαδηφορίη,
453 921 515 1011 τὴν
529 930 575 1014 τῳ
584 920 754 1012 Ἡφαίστῳ
771 925 986 993 ἐπιτελέουσι.
1028 932 1139 992 Τοῦτο

84 1035 120 1090 99
131 1017 167 1088 τό
184 1018 339 1110 δράμημα
353 1029 422 1091 τῶν
434 1025 546 1089 ἵππων
561 1024 717 1088 καλέουσι
731 1022 857 1107 Πέρσαι
871 1019 1073 1109 ἀγγαρήιον.
1099 1022 1140 1092 Ἦ

130 1120 192 1205 μέν
201 1118 242 1207 δὴ
252 1119 366 1208 πρότη
377 1124 409 1200 ἐς
416 1127 532 1189 Σοῦσα
543 1117 678 1206 ἀγγελίη
688 1115 885 1206 ἀπικομένη,
895 1117 939 1199 ὡς
950 1125 1022 1206 ἔχοι
1034 1119 1138 1207 Ἀθη-

128 1243 189 1295 νας
203 1221 341 1306 Ξέρξης,
363 1224 479 1305 ἔτερψε
500 1216 589 1286 οὕτω
608 1218 650 1305 δή
669 1243 701 1285 τι
714 1220 875 1300 Περσέων
894 1216 974 1298 τούς
994 1217 1139 1289 ὑπολει-

127 1318 286 1405 φθέντας,
299 1317 343 1396 ὡς
353 1316 411 1397 τάς
421 1345 456 1386 τε
466 1315 567 1398 ὁδούς
576 1323 756 1405 μυρσίνῃσι
767 1317 876 1397 πάσας
886 1317 1074 1403 ἐστόρεσαν
1085 1321 1138 1386 καί

128 1419 292 1501 έθυμίευυ
300 1412 492 1501 θυμιήματα
502 1412 557 1480 καλ
567 1408 662 1481 αύτολ
671 1405 757 1499 ἦσαν
767 1415 803 1481 έν
811 1419 961 1502 θυσίῃσί
965 1417 1070 1484 τεκαὶ
1083 1413 1138 1484 εύ-

128 1516 302 1597 παθείησι·
330 1509 350 1597 ἡ
367 1513 403 1578 δὲ
418 1512 556 1597 δευτέρη
573 1530 633 1595 σφι
649 1507 784 1596 ἀγγελίη
805 1513 1038 1592 έπεξελδοῦσα
1053 1535 1138 1582 συυ-

129 1610 197 1691 έχεε
212 1606 310 1694 οὕτω,
327 1605 411 1675 ὥστε
421 1605 500 1687 τούς
509 1614 658 1687 κιθῶνας
667 1608 909 1696 κατερρήξαντο
919 1608 1060 1698 πάντες,
1075 1619 1138 1699 βοῇ

128 1733 163 1774 τε
178 1709 233 1774 καλ
248 1711 373 1795 οίμωγῇ
389 1709 540 1795 ἐχρέοντο
556 1703 695 1799 ἀπλέτῳ,
713 1708 914 1794 Μαρδόνιον
927 1709 965 1777 έν
980 1715 1074 1797 αίτίη
1088 1737 1138 1778 τι-

128 1807 254 1883 θέντες.
277 1801 339 1872 ούκ
353 1802 441 1872 οὕτω
459 1808 495 1875 δέ
509 1808 585 1893 περὶ
599 1813 668 1874 τῶν
683 1813 770 1874 νεῶν
783 1804 966 1893 ἀχθόμενοι
981 1817 1093 1878 ταῦτα
1107 1812 1137 1877 ολ

128 1907 256 1989 Πέρσαι
271 1905 421 1991 ἐποίευν,
437 1901 482 1983 ὡς
495 1907 570 1992 περὶ
585 1902 675 1993 αὐτῷ
688 1907 793 1992 Ξέρξη
808 1909 1048 1990 δειμαίνοντες.

60 2022 116 2074 100
210 2004 277 2069 Καὶ
296 2005 372 2090 περὶ
385 2005 516 2088 Πέρσας
530 2003 592 2088 μὲν
613 1995 657 2089 ἦν
673 2009 777 2068 ταῦτα
797 1998 859 2069 τόν
878 2001 988 2069 πάντα
1009 2001 1137 2087 μεταξύ

126 2099 250 2187 χρόνον
264 2100 459 2188 γενόμενον,
475 2104 569 2188 μέχρι
583 2092 626 2168 ού
637 2103 759 2187 Ξέρξης
775 2098 876 2178 αὐτός
890 2119 996 2184 σφεας
1010 2096 1137 2167 ἀπικό-

125 2224 225 2284 μενος
240 2203 372 2266 ἔπαυσε.
393 2197 591 2287 Μαρδόνιος
609 2197 645 2265 δὲ
659 2195 766 2280 ὁρέων
780 2198 842 2285 μέν
856 2200 982 2285 Ξέρξην
998 2217 1138 2285 συμφο-

127 2293 191 2382 ρὴν
205 2295 353 2382 μεγάλην
368 2299 404 2363 έκ
418 2303 476 2382 τῆς
493 2302 676 2382 ναυμαχίης
690 2295 910 2383 ποιεόμενον,
927 2293 1137 2365 ὑποπτεύων

128 2394 164 2459 δέ
178 2389 282 2458 αὐτόν
297 2390 447 2480 δρησμὸν
461 2392 638 2480 βουλεύειν
654 2396 690 2462 ἐκ
704 2400 772 2461 των
783 2393 969 2481 Ἀθηνέων,
989 2403 1137 2480 φροντί-

127 2512 187 2570 σας
208 2488 292 2576 πρδς
312 2489 438 2560 ἑωυτόν
464 2489 508 2572 ἀς
529 2492 630 2561 διέσει
651 2498 748 2579 δίκην
775 2492 972 2580 ἀναγνώσας
992 2500 1137 2581 βασιλέα

127 2589 368 2676 στρατεύεσθαι
381 2593 432 2659 έπὶ
447 2588 509 2677 τὴν
522 2589 680 2677 Ἑλλάδα,
702 2598 761 2659 καί
775 2598 808 2660 οί
820 2595 963 2678 κρέσσον
977 2601 1028 2675 είη
1046 2590 1136 2658 ἀνα-

126 2693 343 2757 κινδυνεῦσαι
356 2685 379 2775 ἢ
393 2691 662 2776 κατεργάσασθαι
676 2688 738 2777 τὴν
754 2688 896 2760 Ἐλλάδα
913 2685 933 2776 ἢ
948 2687 1055 2758 αύτόν
1072 2720 1136 2758 κα-

125 2793 191 2865 λῶς
216 2793 407 2872 τελευτῆσαι
433 2785 493 2855 τόν
516 2794 593 2876 βίον
612 2786 697 2876 ὑπὲρ
722 2791 877 2876 μεγάλων
901 2790 1136 2877 αἰωρηθέντα·

110 2889 227 2954 πλέον
241 2888 355 2971 μέντοι
369 2887 469 2973 ἔφερέ
481 2891 516 2955 οί
529 2884 549 2973 ἡ
567 2887 685 2974 γυιόμη
700 2889 970 2974 κατεργάσασθαι
984 2883 1135 2972 τὴνἙλ-

124 2984 227 3053 λάδα·
248 2983 467 3070 λογισάμενος
480 2977 529 3051 ἀν
540 2992 645 3053 ταῦτα
658 2991 845 3075 προσέφερε
859 2983 1036 3069 τὸνλόγον
1050 2985 1135 3051 τόυ-

124 3088 177 3151 δε·
198 3084 364 3168 Δέσποτα,
382 3081 463 3169 μήτε
483 3082 589 3150 λυπέο
605 3083 687 3170 μήτε
698 3081 878 3171 συμφορὴν
892 3086 1058 3169 μηδεμίαν
1070 3110 1134 3168 με-

123 3180 230 3267 γάλην
244 3177 336 3244 ποιέο
348 3182 447 3246 τοῦδε
458 3186 519 3247 τοῦ
532 3181 712 3266 γεγονότος
723 3184 850 3249 εἵνεκεν
862 3180 1063 3268 πρήγματος.
1089 3179 1134 3249 ού

121 3276 187 3366 γάρ
199 3277 309 3358 ξύλων
320 3274 412 3363 ἀγόν
426 3274 444 3346 ὁ
459 3275 496 3345 τὸ
509 3285 578 3345 πᾶν
589 3281 704 3363 φέρων
718 3280 784 3347 έστλ
794 3275 885 3365 ἡμῖν,
902 3275 975 3346 ἀλλ’
991 3275 1133 3361 ἀνδρῶν

119 3401 157 3444 τε
178 3377 232 3444 καὶ
252 3378 373 3443 ἵππων.
402 3378 453 3444 σοὶ
471 3375 508 3446 δὲ
523 3374 601 3444 ούτε
621 3404 671 3457 τις
685 3375 816 3444 τούτων
835 3383 903 3443 τῶν
924 3373 961 3442 τό
983 3382 1052 3442 πάν
1068 3396 1132 3460 σφι
