2378 3840
302 204 386 262 LIB.
421 203 480 258 VII.
513 201 612 258 CAP.
644 197 747 260 208-
760 205 821 261 208
1005 192 1066 258 211

63 364 280 486 λογισάμενος
295 360 406 448 εἶπον,
420 365 489 427 τῶν
504 354 699 444 ἐστρατήγεε
709 355 937 444 Λεοντιύδης
924 384 941 425 ο
953 354 1068 444 Εύρυ·

61 462 179 550 μύχου.
214 464 312 529 τοῦδε
338 461 432 530 δὲεῖ
431 482 529 524 υεκεν
552 452 694 534 τούτους
715 455 869 542 σπουδὴν
891 456 1066 543 ἐποιήσατο

61 566 231 647 Λεωνίδης
242 559 392 645 μούνους
401 554 570 643 Ἑλλήνων
583 553 838 641 παραλαβεῖν,”
817 581 868 623 οτι
881 559 995 640 σφέων
1007 579 1067 639 με-

61 659 170 747 γέλως
185 656 390 743 κατηγόρητο
405 657 562 740 μηδίζειν.
585 644 809 738 παρεκάλεε
783 678 831 719 ων
843 649 925 731 ές
890 677 951 719 τον
967 650 1067 718 πόλε-

60 783 125 844 μον
136 759 264 824 ἐθέλων
276 755 410 838 εἰδέναι,
424 761 487 818 είτε
499 751 735 836 συμπέμψουσι
747 757 810 817 είτε
822 751 876 817 καὶ
887 745 1066 837 ἀπερέουσι

60 859 97 923 έκ
111 881 171 923 του
157 855 353 939 ἐμφανέος
372 846 435 936 τὴν
446 846 616 934 Ἑλλήνων
632 852 837 963 συμμαχίην·
861 851 895 915 οί
908 846 944 915 δὲ
965 843 1066 914 ἄλλο·

61 953 263 1040 φρονέοντες
278 948 434 1032 ἔπεμπον.
461 945 611 1023 Τούτους
625 947 688 1030 μέν
703 940 782 1020 τούς
797 941 882 1028 ἀμφὶ
895 947 1067 1029 Λεωνίδην
1082 956 1134 1012 206

60 1050 216 1137 κρότους
234 1044 434 1131 ἀπέπεμψαν
448 1045 707 1161 Σπαρτιῆται,“
693 1068 748 1109 ινα
761 1040 899 1118 τούτους
914 1033 1066 1127 ὁρέοντες

60 1153 94 1215 οί
112 1144 207 1214 ἄλλοι
222 1143 387 1262 σύμμαχοι
403 1140 664 1228 στρατεύωνται,
686 1139 768 1226 μηδὲ
783 1139 837 1205 καλ
858 1129 952 1204 οὗτοι
967 1141 1066 1222 μηδί-

61 1261 160 1327 σωσι,
175 1237 218 1326 ἢν
233 1236 358 1318 αύτούς
371 1235 616 1306 πυνθάνωνται
631 1232 961 1324 ὑπερβαλλομένους·
983 1260 1064 1321 μετα

61 1340 113 1423 δὲ,
129 1337 279 1423 Κάρνεια
295 1335 360 1425 γάρ
381 1356 442 1422 σφι
456 1328 500 1421 ἦν
515 1334 686 1421 ἐμποδών,
709 1330 880 1420 έμελλου’
866 1334 1066 1420 ορτύσαντες

60 1436 115 1503 καὶ
130 1431 283 1522 φυλακὰς
297 1432 452 1510 λιπόντες
465 1433 502 1500 έν
516 1439 555 1520 τῇ
569 1429 711 1520 Σπάρτη
725 1427 808 1497 κατὰ
827 1426 925 1514 τύχος
948 1429 1065 1516 βωθή-

60 1553 133 1601 σειν
149 1537 323 1619 πανδημεί.
355 1530 399 1612 ὃς
415 1533 450 1599 δὲ
465 1533 519 1600 καλ
535 1535 570 1600 οί
583 1533 694 1599 λοιποὶΙ
709 1537 778 1596 τῶν
793 1530 976 1616 συμμάχων
992 1533 1064 1597 ἐνέ-

60 1659 167 1701 νωντο
183 1634 237 1701 καὶ
255 1631 350 1700 αὐτοὶ
370 1635 465 1719 έτερα
484 1638 621 1700 τοιαῦτα
636 1631 805 1717 ποιήσειν·
838 1625 882 1720 ἦν
898 1628 963 1718 γὰρ
981 1630 1063 1699 κατδι

60 1728 167 1798 τώυτὸ
181 1727 363 1815 Ὀλυμπιὰς
382 1729 530 1796 τούτοισι
544 1742 629 1795 τοῖσι
640 1729 820 1816 Ιπρήγμασι
836 1737 1062 1814 συμπεσοῦσα.

60 1827 122 1897 οὐκ
139 1820 187 1896 τόν
202 1828 375 1906 δοκέοντες
388 1825 472 1894 κατὰ
486 1825 584 1913 τάχος
599 1824 688 1893 οὕτω
704 1829 984 1914 διακριθήσεσθαι
1005 1826 1065 1897 τόν

60 1929 96 1995 έν
113 1924 349 2013 Θερμοπύλῃσι
364 1923 512 2010 πόλεμον
527 1929 675 2010 ἔπεμπον
691 1921 771 2003 τούς
786 1926 1009 2013 προδρόμους.

145 2015 248 2090 Οὗτοι
263 2023 326 2108 μὲν
346 2020 387 2109 δὴ
409 2019 497 2090 οὕτω
515 2023 713 2091 διενένωντο
729 2023 899 2112 ποιήσειν,
924 2030 958 2093 οί
977 2025 1014 2094 δὲ
1028 2029 1064 2094 έν
1080 2038 1130 2095 207

59 2125 296 2215 Θερμοπύλῃσι
303 2123 476 2212 Ἕλληνες,
493 2123 605 2213 ἐπειδὴ
622 2129 724 2206 πέλας
741 2127 870 2212 ἐγένετο
890 2131 948 2213 τῆς
964 2127 1063 2214 ἐσβο-

58 2231 116 2310 λης
131 2220 149 2290 ὁ
162 2225 308 2321 Πέρσης,
323 2226 610 2311 καταρρωδέοντες
625 2225 846 2312 ἐβουλεύοντο
862 2227 938 2306 περὶ
953 2223 1061 2293 ἄταλ-

57 2329 168 2409 λαγῆς.
183 2335 269 2390 τοίσι
280 2324 342 2408 μέν
353 2349 419 2390 νυν
430 2321 559 2393 ύλλοισι
570 2331 871 2411 Πελοποννησίοισι
883 2325 996 2392 έδόκεε
1007 2329 1062 2393 έλ·

56 2429 160 2491 θούσι
180 2422 213 2499 ές
228 2421 491 2509 Πελοπόννησον
509 2421 568 2491 τὸν
592 2421 728 2511 Ἰσθμόν
750 2430 835 2509 Ιἔχειν
856 2427 892 2492 έν
914 2432 1059 2511 φυλακῇ,

58 2522 228 2604 Λεωνίδης
247 2522 283 2585 δὲ
298 2521 445 2587 Φωκέων
465 2523 520 2588 καί
535 2529 678 2607 Λοκρῶν
695 2521 1006 2608 περισπερχθέντων
1021 2530 1061 2610 τῇ

56 2614 173 2702 γνόμη
186 2613 291 2703 ταύτη
302 2612 407 2683 αὐτοῦ
422 2642 457 2684 τε
472 2621 587 2703 μένειν
597 2621 782 2706 ἐψηφίζετο,
798 2621 940 2704 πέμπειν
950 2644 984 2686 τε
1000 2617 1061 2705 ἀγ-

55 2709 287 2800 γέλουςέςτδις
311 2712 408 2790 πόλις
424 2710 621 2791 κελεύοντός
640 2735 699 2801 σφι
719 2717 917 2801 ε’πιβωθέειν
929 2714 1060 2797 όςέόυ-

55 2835 123 2878 των
134 2806 246 2876 αὐτῶν
259 2806 383 2896 ὀλίγων
393 2809 536 2898 στρατόν
547 2811 607 2881 τόν
614 2814 746 2901 Μήδων
758 2812 947 2895 ἀλέξασθαι.
971 2823 1060 2884 Tafi-
1075 2831 1127 2886 208

55 2937 94 2978 τα
109 2912 366 2996 βουλευομένων
380 2913 495 2997 σφέων
509 2917 631 3000 ἔπεμπε
642 2917 765 3001 Ξέρξης
780 2915 993 2983 κατάσκοπον
1004 2920 1059 2983 ίπ-

55 3013 117 3075 πέα
132 3013 280 3096 ίδέσθαι,
307 3007 422 3080 ὁκόσοι
438 3012 475 3080 τέ
494 3017 556 3081 είσι
573 3016 627 3080 καὶ
643 3011 663 3080 ὅ
678 3039 708 3081 τι
730 3017 876 3083 ποιέοιεν
918 3013 1059 3102 ἦκηκόεε

55 3110 91 3177 δὲ
106 3114 153 3175 ἔτι
170 3105 235 3176 έών
249 3113 286 3177 έν
301 3117 483 3200 Θεσσαλίη,
500 3109 544 3192 ὥς
557 3111 718 3200 ἡλισμένη
736 3122 786 3200 εἰη
800 3113 905 3202 ταύτη
922 3112 1056 3205 στρατιη

54 3205 161 3291 ὀλίγη,
173 3209 227 3274 καί
238 3232 316 3287 τους
326 3236 493 3298 ηγεμονας
504 3208 549 3290 ὡς
560 3221 676 3299 είησαν
686 3214 950 3301 Λακεδαιμονιοί
956 3241 991 3283 τε
1003 3217 1057 3283 καὶ

56 3307 225 3388 Λεωνίδης
237 3301 302 3371 έιδν
311 3305 427 3392 γένος
423 3316 560 3394 Ηρακλε
560 3315 642 3395 ί.δης
666 3306 711 3388 ὡς
723 3309 758 3378 δὲ
769 3309 985 3399 πρυσηλασε*
970 3338 988 3376 ο
1001 3317 1055 3380 ίπ

54 3396 137 3482 τεὺς
152 3398 236 3490 πρός
252 3398 289 3470 τό
306 3405 547 3493 στρατόπεδον,
569 3407 701 3496 έθηελτό
718 3433 753 3475 τε
770 3409 825 3476 καλ
840 3408 974 3495 κατώρα
988 3417 1056 3474 τᾶν

869 3496 933 3558 w

935 3637 939 3644 ⁵
1041 3570 1128 3616 ..ι
