2378 3840
334 191 421 249 ΗΒ.
453 191 500 248 vl.
535 190 633 250 cn.
667 195 810 253 40-44.
1033 190 1075 254 ⁷7

63 348 179 419 λέουσι
192 349 228 415 ot
235 348 363 436 Πέρσαι
377 345 419 417 τά
432 347 613 436 τριήκοντα
623 348 758 437 στάδια,
776 342 862 421 κατὰ
875 349 916 440 δή
931 351 1073 437 τούτους

62 442 229 535 μετρήσας
245 445 375 533 φόρους
388 450 482 528 έταξε
493 448 678 534 ἑκάστοισι,
693 455 729 516 οἳ
739 447 824 517 κατά
834 449 948 539 χάρην
962 455 1073 521 διατε-

63 548 179 616 λέουσι
193 550 323 634 ἔχοντες
337 548 374 615 έκ
390 545 515 615 τούτου
530 553 592 614 τοῦ
612 549 739 634 χρόνου
755 550 819 617 αίεὶ
833 555 882 617 έτι
896 553 951 619 καὶ
965 553 999 628 ές
1015 550 1072 638 ἐμὲ

63 641 109 725 ὃς
129 642 321 731 ἐτάχθησαν
341 645 374 726 έξ
396 640 652 732 Ἅρταφέρνεος,
678 645 867 732 ἐτάχθησαν
892 650 929 716 δέ
951 647 1072 736 σχεδὸν

61 738 149 812 κατὰ
159 736 201 809 τά
212 738 297 810 αύτά
308 738 349 810 τά
360 743 416 812 καί
429 743 596 831 πρότερον
611 741 708 829 εἶχον.
741 751 812 813 Καί
820 764 881 832 σφι
891 754 996 816 ταῦτα
1008 748 1071 835 μέν
1085 758 1120 814 43

62 848 218 931 εἰρηναῖα
229 833 291 931 ήν,
308 841 378 930 άμα
395 842 432 912 δέ
443 849 489 934 τῷ
499 848 572 927 έαρι
586 850 655 911 τῶν
669 841 782 913 ἄλλων
794 851 1072 935 καταλελυμένων

60 944 261 1029 στρατηγῶν
270 940 307 1007 έκ
317 942 470 1027 βασιλέος
478 940 675 1027 Μαρδόνιος
686 936 705 1009 ὁ
716 941 886 1028 Γοβρύεω
897 946 1073 1029 κατέβαινε

60 1040 117 1110 έπλ
126 1037 316 1127 θάλασσαν,
324 1037 467 1123 στρατόν
478 1036 606 1107 πολλόν
615 1039 678 1123 μέν
686 1036 793 1125 κάρτα
803 1037 903 1119 πεζόν
911 1037 980 1125 άμα
989 1037 1073 1125 άγό-

60 1164 176 1228 μενος,
182 1133 309 1208 πολλόν
318 1139 355 1206 δέ
363 1135 535 1224 ναυτικὸν,
541 1134 676 1222 ήλικίην
684 1161 721 1203 τε
730 1138 806 1216 νέος
814 1135 881 1206 έων
891 1139 946 1206 καὶ
953 1140 1072 1205 νεωστὶ

59 1233 259 1326 γεγαμηκύς
279 1239 432 1324 βασιλέος
452 1242 603 1323 Δαρείου
622 1236 794 1322 θυγατέρα
813 1232 1069 1323 Ἀρτοζώστρην.

59 1336 158 1424 άγων
167 1332 275 1404 δέτόν
288 1332 431 1422 στρατόν
440 1341 561 1402 τοῦτον
573 1331 591 1403 ὁ
603 1333 802 1420 Μαρδόνιος
817 1335 925 1403 έπείτε
940 1335 1070 1419 έγένετο

61 1436 102 1504 έν
115 1440 158 1524 τῇ
172 1439 325 1522 Κιλικίη,
340 1429 441 1509 αὐτὸς
457 1433 520 1518 μέν
534 1429 651 1518 ἐπιβάς
665 1432 718 1499 ἐπὶ
732 1427 809 1508 νεὸς
823 1431 988 1516 ἐκομίζετο
1002 1428 1071 1516 ἅμα

59 1540 137 1623 τῇσι
147 1530 267 1622 άλλησι
276 1534 386 1618 νηυσί,
399 1527 557 1616 στρατιήν
568 1527 605 1597 δὲ
614 1527 677 1615 τήν
687 1525 788 1613 πεζήν
801 1526 897 1596 άλλοι
908 1524 1071 1615 ἡγεμόνες

59 1624 149 1719 ήγον
159 1631 212 1698 έπέ
221 1627 282 1697 τόν
289 1627 543 1715 Ἑλλήσποντον.
559 1625 604 1705 ὡς
614 1626 650 1695 δὲ
661 1625 876 1712 παραπλώων
885 1623 948 1714 τήν
957 1624 1071 1713 ’Λσίην

62 1729 200 1799 άπίκετο
216 1725 234 1797 ὁ
250 1727 449 1811 Μαρδόνιος
463 1729 496 1806 ές
509 1723 571 1812 τήν
582 1723 727 1812 Ἰωνίην,
750 1726 900 1794 ένθαύτα
913 1728 1070 1813 μέγιστον

60 1833 169 1915 θύμα
189 1828 269 1915 ε’ρέω
291 1839 377 1893 τοίσι
388 1822 433 1911 μή
445 1822 722 1909 ἀποδεκομένοισι
730 1820 900 1910 Ἑλλήνων
910 1825 1071 1910 Περσέων

60 1939 149 1994 τοῖσι
164 1921 244 1993 ἑπτά
257 1922 547 2012 Ὀτάνηνγνάμην
567 1920 810 2008 ἀποδέξασθαι,
833 1919 877 2001 ὡς
890 1918 999 2010 χρεων
1019 1931 1070 2009 εἴη

61 2024 352 2112 δημοκρατέεσθαι
363 2026 512 2111 Πέρσας·
536 2019 616 2099 τούς
631 2018 697 2108 γάρ
714 2019 905 2108 τυράννους
920 2027 988 2088 τῶν
999 2018 1071 2091 Ἰά-

61 2146 135 2191 νων
144 2119 360 2201 καταπαύσας
373 2122 502 2200 πάντας
515 2118 739 2206 ὁΜαρδόνιος
752 2123 974 2206 δημοκρατίας
986 2147 1068 2190 κατ-

60 2230 138 2293 ίστα
154 2224 187 2302 ές
208 2220 268 2301 τάς
292 2219 399 2302 πόλις.
448 2227 552 2288 ταῦτα
573 2224 610 2289 δὲ
631 2220 772 2307 ποιήσας
785 2216 938 2306 ήπείγετο
958 2221 992 2298 ές
1006 2218 1068 2288 τὸν

57 2314 311 2410 Ἑλλήσποντον.
336 2319 381 2399 ὡς
395 2321 431 2389 δέ
443 2320 626 2405 συνελέχθη
637 2316 700 2405 μδν
710 2324 819 2405 χρήμα
830 2315 958 2387 πολλὸν
968 2326 1067 2407 νεῶν,

61 2421 250 2505 συνελέχθη
265 2420 302 2486 δὲ
315 2419 370 2487 καὶ
384 2415 481 2498 πεζὸς
495 2413 633 2501 στρατός
647 2423 786 2503 πολλός,
803 2416 979 2506 διαβάντες
993 2424 1068 2507 τήσι

61 2517 162 2604 νηυσὶ
177 2511 239 2583 τόν
253 2512 500 2603 Ἑλλήσποντον
520 2515 722 2601 ἐπορεύοντο
744 2511 800 2581 διὰ
816 2521 874 2601 τής
888 2512 1066 2604 Εύρύπης,

61 2611 265 2698 ἐπορεύοντο
281 2615 317 2680 δέ
332 2614 389 2681 έπί
399 2638 435 2681 τε
446 2610 615 2699 Ἐρέτριαν
628 2615 685 2681 καί
696 2610 850 2698 Ἀθήνας.
884 2605 993 2682 Αύται
1005 2616 1067 2701 μὲν
1081 2630 1116 2684 44

62 2703 112 2780 ύν
127 2730 189 2797 σφι
204 2709 379 2799 πρόσχημα
393 2703 482 2799 ήσαν
495 2716 557 2780 τοῦ
570 2710 711 2797 στόλου,
733 2707 817 2800 άτύρ
835 2713 873 2780 έν
888 2710 958 2803 υόφ
973 2717 1069 2799 έχον-

61 2835 115 2888 τες
129 2806 210 2888 ὅσας
220 2803 264 2876 άν
275 2814 430 2888 πλείστας
443 2807 604 2877 δύναιντο
615 2812 904 2899 καταστρέφεσθαι
917 2819 986 2879 τῶν
994 2809 1069 2881 Ἑλ-

60 2909 210 2993 ληνίδων
224 2914 368 2994 πολίων,
385 2914 484 2976 τούτο
498 2910 562 2994 μὲν
577 2904 617 2993 δή
628 2914 704 2997 τῇσι
717 2911 817 2996 νηυσὶ
828 2917 974 2990 Θασίους
988 2906 1068 2977 οὐδὲ

61 3020 172 3094 χεῖρας
185 3002 467 3095 ἀνταειραμένους
479 3008 753 3093 κατεστρέψαντο,
768 3015 867 3077 τοῦτο
878 3008 915 3075 δέ
926 3014 972 3097 τῷ
982 3013 1067 3096 πεζῷ

61 3103 266 3184 Μακεδόνας
275 3103 359 3192 πρὸς
368 3117 454 3174 τοῖσι
465 3101 651 3192 ὑπάρχουσι
665 3104 809 3185 δούλους
818 3104 1068 3193 προσεκτήσαν-

60 3228 116 3272 το·
144 3201 186 3270 τὰ
202 3200 269 3291 γάρ
284 3201 377 3284 έντὸς
392 3203 607 3273 Μακεδόνων
626 3208 730 3272 ἔθνεα
744 3205 853 3272 πάντα
868 3223 928 3292 σφι
944 3202 1007 3293 ήδη
1023 3197 1068 3292 ήν

62 3296 236 3387 ὑποχείρια
246 3301 418 3387 γεγονότα.
434 3304 471 3370 έκ
481 3302 545 3389 μέν
555 3299 596 3388 δή
608 3301 725 3371 Θάσου
736 3303 950 3391 διαβαλόντες
960 3307 1067 3390 πέρην

64 3394 129 3467 ὑπὸ
138 3395 201 3484 τήν
211 3395 546 3486 ήπειρονέκομίζοντο
558 3405 653 3485 μέχρι
663 3397 843 3490 Ἀκάνθου,
855 3404 892 3471 έκ
903 3400 1069 3473 musiv-
