2378 3840
309 207 395 263 ΗΒ.
426 206 475 263 Vl.
511 205 610 263 cAP.
644 208 820 264 116-120.
1007 205 1066 269 ΙΙΙ

62 360 220 451 θαλάσση
231 367 397 443 Χαλκίδος
411 368 598 431 καταντιῖον.
637 370 743 443 Δάτις
757 364 819 451 μὲν
836 363 875 453 δὴ
891 374 994 434 ταῦτα
1013 370 1070 436 έν-

61 457 257 547 τειλάρενος
277 459 446 548 ἀπέπλεε,
466 458 527 529 τὸν
548 460 585 529 δὲ
605 457 789 548 ἀνδριάντα
810 471 931 533 τούτου
945 465 1068 554 Δήλιοι

61 557 127 629 οάκ
144 556 336 648 ἀπήγαγον,
353 557 438 630 ἀλλά
451 585 510 647 μιν
522 556 566 628 δι’
586 560 687 626 έτέιον
700 569 806 630 είκοσι
817 570 958 650 Θηβαῖοι
972 561 1068 633 αύτοί

60 660 98 727 έτ
108 665 321 746 θεοπροπίου
331 660 526 744 ἐκομίσαντο
537 657 735 744 έπλΔήλιον.
755 657 843 737 Τούς
854 658 891 728 δέ
899 666 967 728 τῶν
978 658 1068 748 Ἐρε-
1084 683 1139 740 119

59 759 183 841 τριέαν
197 751 527 843 ἀνδραποδισμένους
539 760 645 833 Δᾶτίς
655 780 694 823 τε
708 759 764 824 καὶ
773 754 1007 846 Ἀρταφέρνης,
1023 756 1067 836 ὡς

57 857 248 944 προσέσχον
264 854 296 931 ἐς
310 850 372 938 τὴν
383 850 496 939 Ἀσίην
509 853 688 940 κλύοντες,
704 850 877 942 ἀνήγαγον
891 858 925 937 ές
938 863 1065 925 Σοῦσα.

57 949 219 1041 βασιλεύς
228 953 415 1034 δδΔτιρείος
423 955 503 1038 πρὶν
511 953 808 1039 ρὲναίχραλύτους
817 956 977 1039 γενέσθαι
987 952 1067 1032 τούς

55 1049 241 1138 Ἐρετριέας
249 1052 358 1136 ένείχέ
368 1071 430 1135 σφι
446 1050 560 1118 δεινὸν
569 1052 671 1137 χόλον
681 1049 735 1119 οἷα
749 1049 923 1140 ἀρξάντων
938 1049 1068 1139 ἀδικίης

57 1151 314 1237 προτέρωντῶν
323 1147 524 1235 Ἐρετριέων,
540 1149 647 1214 έπείτε
659 1149 696 1217 δὲ
705 1149 773 1217 είδέ
780 1170 886 1237 σφεας
896 1148 1067 1237 ἀπαχθέν-

56 1275 119 1328 τας
130 1244 213 1331 παρ’
231 1245 358 1315 ἑαυτὸν
368 1251 423 1315 καὶ
434 1245 646 1336 ὑποχειρίους
656 1251 770 1340 ἑωυτῷ
786 1251 918 1336 έόντας,
934 1253 1067 1337 ἐποίησε

56 1342 168 1415 καυδν
181 1342 263 1413 ἀλλο
277 1342 388 1428 οὐδὲν,
404 1342 488 1414 ἀλλά
500 1365 604 1431 σφεας
614 1353 672 1433 τῆς
681 1353 821 1434 Κισσίης
830 1347 941 1433 χύρης
953 1353 1066 1414 κατοί-

56 1460 133 1511 κισε
147 1443 185 1511 έν
195 1450 334 1532 σταθμῷ
346 1445 484 1528 ἑωυτοῦ,
496 1450 542 1533 τῷ
555 1443 687 1535 ούνομά
699 1446 767 1512 ἐστι
778 1441 983 1533 Ἀρδέρικκα,
998 1439 1065 1512 ἀπὸ

57 1539 277 1630 μὲνΣούσων
287 1543 366 1609 δέκα
378 1545 433 1610 καὶ
444 1546 635 1628 διηκοσίους
646 1547 801 1621 σταδίους
812 1542 978 1631 ἀπέχοντι,
990 1562 1067 1610 τεσ·

57 1636 247 1726 σεράκοντα
262 1641 299 1708 δὲ
313 1638 379 1708 ἀπὸ
398 1649 458 1709 τού
473 1646 631 1728 φρέατος,
647 1640 685 1711 τὸ
700 1646 874 1730 παρέχεται
889 1651 1067 1731 τριφασίας

58 1742 166 1818 ίδάας·
184 1736 318 1826 καλγάρ
327 1737 500 1827 ἄσφαλτον
509 1743 566 1808 καλ
576 1738 659 1820 ἀλας
669 1745 724 1810 καί
735 1747 849 1811 ἔλαιον
859 1739 1066 1827 ἀρύσσονται

57 1833 210 1919 έξαύτοῦ
222 1834 335 1927 τρύπφ
346 1841 480 1928 τοιῷδε
492 1834 662 1906 ἀντλέεται
673 1840 736 1924 μέν
747 1845 933 1930 κηλωνηίῳ,
945 1837 1019 1906 ἀντὶ
1030 1841 1066 1906 δὲ

56 1939 190 2020 γαυλοῦ
203 1929 307 2020 ἥμισυ
318 1930 424 2002 ἀσκοῦ
436 1939 471 2003 οί
478 1938 710 2018 προσδέδεται·
726 1934 901 2018 ὑποτύψας
912 1939 948 2003 δὲ
958 1934 1065 2024 τούτῳ

57 2031 191 2100 ἀντλέει
205 2034 260 2099 καὶ
275 2037 404 2100 ἔπνεεν
418 2034 522 2119 ἐγχέει
533 2037 566 2112 ές
579 2035 778 2122 δεξαμενήν·
801 2037 837 2102 έτ
853 2038 889 2103 δὲ
900 2034 1022 2119 ταύτης
1033 2034 1067 2109 ές

58 2134 142 2204 ἀλλο
159 2130 376 2218 διαχεόμενον
391 2133 551 2221 τρέπεται
565 2140 742 2222 τριφασίας
757 2132 866 2212 ὁδούς.
896 2136 950 2200 καὶ
966 2131 987 2216 ἡ
1003 2133 1065 2216 μέν

56 2231 228 2317 ἀσφαλτος
238 2233 293 2299 καλ
303 2235 338 2300 οί
346 2230 424 2310 ἀλες
436 2229 625 2318 πηγνύαται
634 2238 839 2319 παραυτίκα,
854 2229 892 2297 τό
904 2229 941 2298 δὲ
952 2235 1065 2297 ἔλαιον

58 2330 248 2416 συνάγουσι
262 2332 299 2398 έν
313 2327 497 2416 ἀγγηίοισι,
515 2329 552 2397 τό
568 2335 602 2399 οί
614 2335 742 2418 Πέρσαι
756 2334 912 2396 καλέουσι
923 2324 1065 2411 ῥαδινά-

56 2452 140 2514 κην·
163 2432 232 2495 ἔστι
244 2428 280 2494 δέ
290 2429 395 2513 μέλαν
404 2431 459 2496 καλ
470 2425 578 2514 ὀδμὴν
589 2427 819 2516 παρεχόμενον
829 2427 964 2514 βαρέαν.
991 2422 1066 2493 Ἐν·-

43 2532 170 2594 ’θαύτα
179 2522 260 2603 τούς
269 2521 450 2611 Ἐρετριέας
462 2532 628 2592 κατοίκισε
638 2521 795 2612 βασιλεύς
800 2532 955 2610 Δαρεῖος,
966 2528 1001 2590 οἳ
1010 2523 1065 2588 καὶ

56 2625 154 2710 μέχρι
168 2623 243 2709 ίρέο
255 2620 344 2708 εἶχον
354 2620 416 2710 τὴν
426 2623 541 2712 χώρην
550 2623 678 2710 ταύτην
688 2620 919 2710 φυλάσσοντες
928 2618 991 2707 την
1001 2617 1065 2705 ἀρε

56 2727 155 2808 χαίην
167 2726 332 2807 γλῶσσαν.
381 2720 430 2789 Τά
447 2723 509 2809 μὲν
529 2719 571 2807 δὴ
591 2725 667 2808 περὶ
679 2720 860 2807 Ἐρετριέας
875 2726 947 2806 έσχε
962 2718 1062 2805 οὕτω,

56 2822 333 2903 Λακεδαιμονίαν
353 2821 391 2888 δὲ
409 2811 495 2907 ἧκον
516 2823 548 2899 ές
567 2819 628 2899 τὰς
642 2819 788 2908 Ἀθήνας
808 2825 962 2906 δισχίλιοι
982 2813 1064 2904 μετά
1082 2839 1134 2892 120

56 2915 120 3002 τὴν
139 2920 369 3003 πανσέληνον,
393 2923 522 3005 ἔχοντες
547 2916 700 3004 σπουδὴν
720 2916 849 3006 πολλὴν
865 2924 1064 3005 καταλαβεῖν

57 3013 164 3101 ούτω,
180 3013 265 3083 ὥστε
279 3029 418 3101 τριταῖοι
430 3018 467 3085 ἐκ
478 3016 637 3102 Σπάρτης
654 3017 807 3101 ἐγένοντο
823 3017 861 3082 έν
874 3020 914 3102 τῇ
921 3010 1062 3100 Ἀττικῇ.

56 3111 193 3199 ὕστεροι
202 3110 444 3200 δὲάπικύμενοι
452 3121 511 3200 τῆς
521 3119 864 3201 συρβολῆςίμείροντο
875 3110 964 3197 ὅμως
974 3108 1064 3195 θηή·
1174 3141 1180 3158 ·

56 3220 184 3279 σασθαι
204 3207 284 3290 τούς
303 3211 463 3299 Μήδους,
490 3212 648 3291 έλθύντες
669 3213 705 3280 δέ
726 3214 759 3290 ές
780 3209 840 3278 τὸν
859 3212 1063 3298 Μαραθῶνα

56 3308 257 3398 ἐθηήσαντο.
280 3308 362 3397 μετὰ
381 3311 418 3380 δέ
433 3313 600 3390 αίνέοντες
611 3307 810 3398 Ἀθηναίους
828 3310 883 3376 καὶ
902 3304 940 3376 τὸ
962 3311 1063 3392 ἔργον

54 3405 171 3476 αὐτῶν
187 3404 441 3479 ἀπαλλάσσοντο
456 3407 571 3480 ὀπίσω.
