2378 3832
136 171 196 236 196
279 175 282 180 ’
510 179 761 238 HERODOTI

134 340 208 402 ἔτεα
224 335 324 403 πέντε
338 334 439 403 πόλιν
454 331 626 422 Καμικόν,
648 333 710 423 τήν
724 334 798 404 κατ’
815 340 872 425 ἐμὲ
889 337 1141 427 Ἀκραγαντῖνοι

134 435 301 519 ἐνέμοντο.
323 435 415 510 τέλος
429 430 466 499 δέ
476 429 520 499 οὐ
532 434 743 518 δυναμένους
755 431 833 502 οὑτε
844 438 931 503 ἑλεῖν
941 433 1020 504 οὔτε
1030 460 1141 521 παρα-

132 535 247 616 μένειν
261 537 347 622 λιμῷ
369 533 595 616 συνεστῶτας,
623 527 851 612 ἀπολιπόντας
861 542 1023 619 οἴχεσθαι.
1049 525 1140 612 ὡςδὲ

132 630 205 697 κατ’
228 627 398 716 Ἰηπυγίην
411 637 572 716 γενέσθαι
589 629 780 717 πλιόοντας,
802 626 1019 720 ὑπολαβόντα
1035 638 1140 719 σφέας

130 733 276 813 χειμῶνα
289 729 396 812 μέγαν
410 729 564 814 ἐκβαλεῖν
577 729 611 806 ἐς
624 724 687 814 τήν
702 735 784 815 γήν,
801 733 1087 817 συναραχθέντων
1105 733 1141 799 δὲ

131 830 200 890 τῶν
220 828 348 892 πλοίων
371 821 545 911 ὀὐδεμίαν
563 825 629 912 γάρ
646 844 707 912 σφι
723 831 771 895 ἔτι
789 824 933 916 κομιδήν
953 831 988 910 ές
1001 828 1140 918 Κρήτην

132 927 344 1008 φαίνεσθαί,
360 925 510 1015 ἐνθαῦτα
518 920 633 1010 Ὑρίην
643 922 745 992 πόλιν
755 930 931 1005 κτίσαντας
944 932 1142 1013 καταμεῖναί

131 1044 166 1086 τε
176 1020 232 1085 καὶ
241 1019 490 1107 μεταβαλόντας
500 1017 575 1089 ἀντὶ
586 1022 650 1107 μέν
659 1028 804 1109 Κρητῶν
814 1027 975 1109 γενέσθαι
984 1022 1140 1115 Ἰήπυγας

131 1122 362 1203 Μεσσαπίους,
374 1115 448 1186 ἀντὶ
460 1117 497 1186 δὲ
507 1125 568 1187 τοῦ
580 1117 665 1188 εἶναι
676 1118 1048 1212 νησιοόταςήπειροότας.
1073 1119 1138 1191 ἀπὸ

131 1215 168 1282 δὲ
185 1211 294 1300 ’Τρίης
309 1214 427 1295 πόλιος
446 1213 506 1296 τάς
520 1215 623 1296 ἀλλας
636 1222 777 1303 οίκίσαι,
799 1214 858 1298 τάς
878 1217 919 1307 δή
939 1228 1140 1306 Ταραντῖνοι

129 1310 241 1403 χρόνφ
252 1309 396 1399 ὕστερον
405 1320 519 1404 πολλῷ
534 1314 763 1394 ἐξανιστάντες
773 1318 1023 1404 προσέπταισαν
1032 1316 1140 1403 μεγά-

130 1417 213 1494 λως,
236 1407 320 1478 ὥστε
335 1410 442 1497 φόνος
458 1409 651 1499 Ἑλληνικός
665 1415 819 1496 μέγιστος
833 1407 933 1490 οὗτος
950 1412 990 1500 δή
1007 1417 1138 1499 ἐγένετο

131 1508 268 1575 πάντων
282 1516 350 1575 τῶν
363 1508 459 1595 ήμείς
469 1516 583 1595 ίδμεν,
598 1505 711 1575 αὑτῶν
721 1532 757 1574 τε
772 1511 990 1594 Ταραντίνων
1000 1507 1139 1600 καὶῬη-

130 1613 253 1692 γίνων,
269 1611 304 1672 οἳ
315 1603 382 1672 ὑπδ
395 1605 563 1674 Μικύθου
576 1611 638 1673 τοῦ
648 1609 777 1691 Χοίρου
790 1600 1056 1695 ἀναγκαζόμενοι
1070 1615 1139 1676 τῶν

131 1704 242 1772 ἀστῶν
265 1703 320 1772 καὶ
341 1701 540 1793 ἀπικόμενοι
553 1705 692 1792 τιμωροὶ
709 1709 943 1788 Ταραντίνοισι
963 1703 1139 1775 ἀπέθανον

130 1809 305 1890 τρισχίλιοι
320 1800 426 1872 οὑτω·
455 1802 568 1874 αὑτων
585 1806 622 1873 δέ
640 1809 858 1889 Ταραντίνων
878 1803 941 1874 οὑκ
962 1807 1046 1892 έπήν
1063 1803 1139 1894 ἀρι-

130 1901 228 1989 θμός.
252 1898 269 1969 ὑ
286 1903 324 1969 δὲ
339 1908 516 1990 Μίκυθος,
531 1903 659 1989 οίκέτης
675 1898 740 1969 εἰδν
751 1898 944 1988 Ἀναξίλεω,
962 1906 1140 1992 ἐπίτροπος

124 2000 258 2086 Ῥηγίου
274 1998 516 2084 καταλέλειπτο,
536 1991 638 2077 ,οὗτος
661 1996 764 2085 ὅσπερ
789 1997 940 2068 έκπεσάν
956 2003 993 2070 έκ
1008 1999 1141 2090 Ῥηγίου

131 2102 186 2167 καὶ
207 2101 333 2184 Τεγέην
349 2096 412 2183 τήν
429 2096 601 2187 Ἀρκάδων
616 2099 752 2184 οίκήσας
767 2095 915 2184 ἀνέθηκε
929 2101 966 2167 έν
977 2096 1141 2189 Ὀλυμπίη

66 2211 114 2268 171
130 2193 209 2274 τοὺς
224 2193 370 2274 πολλοὺς
386 2193 597 2283 ἀνδριάντας.
628 2192 725 2265 Ἀλλά
741 2192 781 2262 τά
799 2198 861 2282 μέν
875 2195 959 2264 κατὰ
967 2195 1141 2285 Ῥηγίνους

130 2295 234 2362 τεκαὶ
249 2299 476 2380 Ταραντίνους
487 2293 663 2378 τοῦλόγου
675 2319 732 2379 μοι
743 2293 942 2380 παρενθήκη
956 2296 1085 2380 γε’γονε.
1107 2297 1140 2374 ές

131 2395 168 2461 δὲ
182 2389 245 2479 τήν
255 2390 394 2478 Κρήτην
404 2395 647 2479 ἐρημωθεῖσαν,
664 2387 708 2470 ἀς
721 2394 856 2476 λέγουσι
866 2398 1035 2480 Πραίσιοι,
1051 2396 1137 2461 έσοι-

131 2500 281 2576 νίζεσθαι
302 2491 424 2574 ἀλλους
445 2521 480 2562 τε
500 2491 706 2580 ἀνθρώπους
726 2494 781 2560 καί
803 2491 946 2577 μάλιστα
964 2489 1138 2579 Ἕλληνας,

131 2600 224 2681 τρίτη
241 2590 277 2660 δὲ
297 2598 397 2682 γενεή
416 2589 497 2678 μετὰ
512 2597 636 2660 Μίνων
656 2588 897 2677 τελετπήσαντα
918 2591 1078 2677 γενέσθαι
1099 2588 1140 2657 τά

136 2686 284 2779 Τρωικά,
307 2693 345 2758 έν
368 2705 453 2760 τοῖσι
476 2689 519 2759 οὑ
542 2692 796 2778 φλαυροτάτους
817 2695 1001 2775 φαίνεσθαι
1022 2690 1139 2769 έόντας

131 2792 266 2879 Κρήτας
279 2787 446 2876 τιμωροὺς
456 2795 627 2882 Μενέλεφ.
651 2788 726 2860 ἀντὶ
739 2790 870 2860 τούτων
884 2793 923 2858 δέ
935 2811 996 2877 σφι
1011 2788 1139 2861 ἀπονο-

131 2887 270 2976 στήσασι
286 2888 323 2954 έκ
337 2893 458 2974 Τροίης
468 2890 569 2975 λιμόν
581 2916 617 2959 τε
631 2894 686 2959 καὶ
696 2887 817 2977 λοιμὸν
830 2894 991 2977 γενέσθαι
1006 2896 1062 2961 καλ
1076 2890 1139 2961 αὑ-

131 2999 217 3054 τοῖσι
230 2985 387 3052 καὶτοίσι
403 2985 618 3073 προβάτοισι,
636 2992 709 3056 ἔστε
722 2984 759 3055 τό
778 2986 937 3072 δεύτερον
951 2991 1139 3076 ἐρημωθεί-

131 3102 191 3168 σης
202 3079 335 3168 Κρήτης
351 3079 433 3167 μετά
449 3091 518 3151 τῶν
533 3080 729 3153 ὑπολοίπων
744 3090 876 3171 τρίτους
886 3083 993 3174 αὑτήν
1004 3095 1071 3156 νῦν
1081 3095 1139 3156 νέ-

131 3188 256 3266 μεσθαι
267 3185 409 3266 Κρήτας.
430 3175 526 3268 ἡμὲν
536 3179 577 3269 δή
588 3189 705 3271 Πυθίη
716 3179 938 3271 ὑπομνήσασα
949 3190 1055 3252 ταῦτα
1065 3190 1138 3271 έσχε

132 3279 359 3363 βουλομένους
371 3281 547 3364 τιμωρέειν
561 3293 647 3348 τοῖσι
652 3277 795 3367 Ἕλλησι.

66 3392 115 3448 ιτς
218 3378 380 3444 Θεσσαλοί
391 3376 427 3445 δὲ
438 3372 505 3445 ὑπδ
516 3374 701 3467 ἀναγκαίης
711 3374 748 3446 τδ
762 3384 896 3466 πρῶτον
907 3376 1079 3466 ἐμήδισαν,
1093 3377 1139 3459 ως
