2378 3840
106 166 195 229 138*
481 165 730 223 HERODOTI

104 325 325 414 καταβάλλειν
339 327 468 392 ἐκέλευε
483 324 539 388 ἵνα
554 319 815 408 ἐπιτηδεότατον
827 333 889 409 ελη,
904 319 1009 420 ἀλλον
1021 321 1105 410 ἀλλη

101 429 295 516 ἀγινέοντας
310 422 427 495 ὁλκάσι
439 448 475 490 τε
486 425 541 490 καί
552 427 770 509 πορθμηίοισι
781 426 818 492 ἐκ
829 431 886 510 τῆς
896 421 1004 508 ’Λσίης
1017 446 1106 489 παν-

102 527 257 612 ταχόθεν.
279 521 340 591 τὸν
355 524 391 590 δέ
403 514 452 589 εἶν
464 530 620 589 πλεῖστον
634 523 667 599 ἐς
677 519 815 608 Λευκήν
825 519 930 609 άκτην
944 523 1107 607 καλεομέκ

101 652 165 711 νην
179 630 236 708 τῆς
251 627 396 709 Θρηίκης
406 616 551 705 ἀγίνεον,
565 622 599 685 οί
607 618 644 685 δὲ
658 620 692 696 ές
706 619 892 707 Τυρόδιζαν
905 617 968 706 τὴν
978 628 1105 708 Περιν-

102 731 206 807 θίων,
225 725 258 788 οί
271 721 307 787 δὲ
321 722 355 798 ές
367 724 554 806 Δορίσκον,
572 719 606 785 oc
619 719 656 784 δὲ
670 719 703 794 ές
713 713 830 785 Ἠιόνα
846 715 908 804 τὴν
922 720 975 784 ἐπί
989 726 1104 804 Στρυ-

100 822 197 907 μόνι,
214 824 248 888 οί
262 821 298 887 δὲ
315 821 348 896 ές
362 820 580 900 Μακεδονίην
595 819 852 905 διατεταγμένοι.

57 937 86 992 λδ
179 918 234 990 Ἐν
249 910 323 1010 ςδδέ
338 909 432 983 οὗτοι
442 910 503 982 τὸν
513 919 734 1001 προκείμενον
745 915 854 984 πόνον
865 913 1052 1000 ἐργάζοντο,
1064 914 1102 978 έν

99 1016 206 1108 τούτῳ
217 1013 235 1085 ὁ
247 1012 343 1096 πεζός
357 1011 443 1091 ἅπας
458 1013 717 1098 συλλελεγμένος
730 1011 798 1098 άμα
808 1014 913 1101 ,Ξέρξη
924 1009 1102 1097 ἐπορεύετο

99 1119 131 1195 ἐς
141 1113 278 1199 Σάρδις,
297 1115 333 1180 ἐκ
344 1109 541 1194 Κριτάλλων
556 1107 715 1198 ὁρμηθείς
728 1118 796 1179 τῶν
810 1114 847 1181 ἐν
861 1112 1101 1194 Καππαδοκίῃ·

98 1216 247 1281 ἐνθαῦτα
261 1207 326 1295 γάρ
342 1217 452 1294 εἴρητο
468 1210 689 1293 συλλέγεσθαι
703 1209 812 1277 πάντα
832 1205 893 1277 τὸν
912 1203 986 1277 κατ’
1004 1202 1102 1292 ἥκει-

99 1335 161 1397 ρον
176 1307 338 1393 μέλλοντα
352 1302 420 1391 ἅμα
435 1301 526 1395 αὐτῷ
541 1307 646 1394 ,Ξέρξη
660 1306 866 1392 πορεύεσθαι
875 1305 1032 1392 στρατόν.
1065 1301 1102 1384 ὃς

98 1407 160 1490 μέν
170 1399 480 1487 νυντωνῦπάρχων
489 1399 631 1484 στρατόν
642 1401 1098 1490 κάλλισταέσταλμένονάγα-

97 1499 169 1589 γάν
181 1497 221 1567 τά
236 1507 438 1587 προκείμενα
452 1496 543 1584 παρά
558 1504 711 1587 βασιλέος
727 1507 824 1589 έλάβε
839 1507 941 1590 δολρα,
960 1500 1023 1570 οὐκ
1037 1507 1100 1588 ἐγω

96 1596 241 1684 φράσαι·
263 1592 343 1663 οὐδὲ
353 1593 418 1684 γάρ
431 1593 537 1683 ἀρχὴν
549 1598 582 1675 ές
593 1601 704 1684 κρίσιν
717 1600 839 1673 τούτου
850 1606 926 1687 πέρι
938 1600 1100 1678 ἐλθόντας

96 1693 180 1762 οίδα.
205 1695 238 1760 οί
252 1691 288 1761 δέ
309 1695 415 1763 ἐπείτε
433 1695 608 1783 διαβάντες
619 1693 680 1763 τὸν
693 1694 958 1785 ’Ἀλυνποταμδν
974 1695 1099 1784 ὡμίλη-

94 1815 160 1861 σαν
175 1797 215 1880 τῇ
231 1797 379 1880 Φρυγίη,
402 1790 448 1860 δι’
467 1790 569 1879 αὐτῆς
585 1793 808 1880 πορευόμενοι
821 1798 1045 1882 παρεγένοντο
1066 1796 1099 1872 ἐς

96 1884 279 1974 Κελαινάς,
304 1892 362 1956 ίνα
382 1891 485 1977 πηγαί
503 1887 701 1958 ἀναδιδοῦσι
717 1892 923 1980 Μαιάνδρου
945 1897 1098 1978 ποταμοῦ
1125 1889 1130 1894 ’

94 1989 150 2055 καί
171 1989 287 2072 ἑτέρον
314 1984 377 2055 οὐκ
399 1987 577 2067 ἐλάσσονος
596 1984 618 2074 ἢ
642 1991 864 2080 Μαιάνδρου,
896 1999 942 2083 τῷ
968 1986 1119 2078 οὔνομα

95 2085 251 2171 τυγχάνει
266 2083 324 2153 έδυ
339 2086 594 2174 Καταρρήκτης,
611 2083 648 2165 δς
662 2090 695 2168 ἐξ
712 2087 814 2176 αὐτῆς
829 2097 887 2177 τῆς
901 2088 1025 2178 ἀγορῆς
1041 2097 1097 2177 τῆς

95 2185 286 2252 Κελαινέων
306 2178 497 2252 ἀνατέλλων
520 2185 554 2263 ές
579 2180 641 2252 τόν
661 2191 865 2274 Μαίανδρον
892 2187 1034 2272 έκδιδοϊ,
1061 2189 1097 2254 ἐν

90 2288 132 2371 τῇ
158 2284 215 2351 καί
237 2283 256 2352 ὃ
281 2287 341 2352 τοῦ
366 2288 516 2370 Σιληνοτλ
540 2283 713 2374 Μαρσύεω
739 2281 842 2363 ἀσκός
867 2281 1102 2372 ἀνακρέμαται,

90 2381 150 2450 τόν
166 2380 235 2451 ὑπὸ
251 2384 399 2472 Φρυγῶν
416 2382 515 2467 λόγος
533 2388 598 2469 ἔχει
614 2380 683 2452 ὑπὸ
699 2381 907 2463 Ἀπόλλωνος
921 2383 1102 2472 ἐκδαρέντα

58 2479 396 2572 λάνακρεμασθῆναι.
445 2481 500 2554 Ἐν
534 2480 640 2572 ταότη
670 2484 717 2572 τῇ
742 2481 821 2552 πόλι
850 2480 1102 2570 ὑποκατήμενος

89 2581 221 2664 Πύθιος
252 2580 405 2663 δ”Ατνος
431 2581 517 2669 ἀνὴρ
547 2581 662 2662 Λυδός
693 2585 829 2664 ἐξείνισε
858 2583 921 2670 τὴν
949 2584 1101 2669 βασιλέος

90 2683 246 2769 στρατιὴν
262 2689 376 2752 πᾶσαν
394 2685 540 2764 ξεινίοισι
560 2689 742 2770 μεγίστοισι
758 2683 816 2751 καί
832 2679 941 2753 αὐτόν
958 2682 1099 2773 Ξέρξην,

88 2782 239 2870 χρήματά
263 2808 300 2850 τε
327 2785 543 2869 ἐπηγγέλλετο
569 2780 774 2871 βουλόμενος
803 2786 836 2862 ἐς
861 2781 921 2851 τόν
952 2782 1099 2871 πόλεμον

87 2883 255 2970 παρέχειν.
297 2882 584 2969 ἐπαγγελλομένου
609 2884 647 2952 δέ
669 2883 818 2974 χρήματα
836 2889 975 2954 Πυθίου
995 2893 1100 2972 είρετο

87 2983 212 3071 Ξέρξης
238 2983 398 3069 Περσέων
415 2981 495 3062 τούς
512 2982 717 3071 παρεόντας,
739 2989 791 3062 τίς
814 3009 850 3052 τε
875 2982 941 3052 έοίν
959 2979 1099 3073 ἀνδρῶν

88 3081 221 3162 Πύθιος
251 3083 307 3151 καί
338 3080 421 3150 κόσα
455 3081 608 3170 χρήματα
635 3084 834 3170 κεκτημένος
866 3083 1099 3168 έπαγγέλλωτο

87 3186 201 3250 ταυτα.
239 3186 274 3251 οί
289 3181 327 3251 δὲ
346 3181 458 3252 εἶπαν·
471 3175 511 3251 Ὦ
527 3189 687 3271 βασιλεῦ,
705 3176 804 3262 οὗτός
823 3185 901 3269 ἐστι,
919 3182 957 3263 ός
975 3210 1026 3252 τοι
1041 3180 1100 3252 τόν

86 3282 216 3371 πατέρα
225 3293 374 3372 Δαρείου
384 3282 574 3372 ἐδωρήσατο
582 3288 624 3372 τῇ
634 3289 845 3375 πλατανίστῳ
854 3285 897 3372 τη
905 3285 1033 3373 χρυσέη
1042 3284 1098 3352 καί

87 3387 129 3469 τῇ
143 3378 291 3476 ἀμπέλω,
309 3380 347 3462 δς
360 3383 417 3451 καί
430 3389 497 3452 νῦν
516 3385 585 3452 ἐστί
604 3388 735 3468 πρῶτος
752 3378 946 3472 ἀνθρώπων
964 3382 1099 3476 πλοάτρν
