2378 3840
321 185 404 240 ΗΒ.
435 185 507 240 Vssl.
540 184 638 240 w.
671 186 812 244 22-27.
1012 181 1073 243 235

63 355 200 416 σασθαι.
231 328 532 428 διαπεραιωθέντες
552 340 589 410 δὲ
611 343 775 429 ἐθηεῦντο
797 341 974 422 διεξιόντες
993 341 1073 423 τούς
1149 427 1154 435 ⁶

66 442 224 530 νεκρούς·
243 440 366 518 πάντες
377 439 413 506 δὲ
424 436 599 526 ἠπιστέατο
610 437 690 518 τούς
700 442 877 525 κειμένους
888 438 973 507 εἶναι
984 440 1073 507 πάν-

64 568 122 620 τας
133 543 420 623 Λακεδαιμονίους
434 539 489 603 καί
501 538 673 621 Θεσπιέας,
692 531 846 621 ὁρέοντες
863 533 1008 614 καὶτοὺς
1024 539 1072 603 εἵ-

64 650 179 717 λωτας.
203 634 246 704 ού
261 637 323 722 μὲν
335 632 409 704 οὐδ’
422 634 591 703 ἐλάνθανε
603 631 684 712 τοὺς
698 634 938 722 διαβεβηκότας
949 639 1072 722 Ξέρξης

63 744 167 805 ταῦτα
181 734 308 822 πρήξας
322 734 397 820 περὶ
410 729 490 810 τούς
504 729 646 820 νεκρούς
662 730 741 810 τούς
756 734 901 802 ἑωυτοῦ·
930 738 984 802 καί
1004 731 1070 820 γάρ

64 830 103 920 δη
120 834 176 900 καὶ
186 839 320 917 γελοῖον
330 824 390 918 ἦν·
412 835 480 897 τῶν
491 831 553 914 μέν
566 835 665 915 χίλιοι
683 824 861 914 ἐφαίνοντο
879 834 990 917 νεκροὶ
1002 837 1072 900 κεί-

63 958 175 1017 μενοι,
200 935 233 999 οί
253 932 290 998 δὲ
316 930 439 1008 πάντες
461 930 574 997 ἐκέατο
598 924 692 1004 ἁλέες
713 931 1013 1015 συγκεκομισμένοι
1038 933 1071 1009 ἐς

63 1027 169 1098 τύντδ
181 1033 316 1115 χωρίον,
331 1030 482 1114 τέσσερες
491 1024 645 1112 χιλιάδες.
661 1025 787 1111 ταύτην
798 1023 932 1113 μὲντην
942 1024 1071 1113 ἡμέρην

63 1125 148 1213 πρὸς
162 1129 249 1210 θέην
264 1125 464 1212 ἐτράποντο,
485 1130 525 1211 τῇ
540 1120 571 1190 δ’
596 1120 755 1211 ὑστεραίη
769 1127 803 1191 ολ
815 1123 877 1207 μὲν
892 1121 1070 1192 ἀπέπλωον

63 1228 97 1303 ές
107 1222 262 1291 Ἱστίαιαν
279 1225 331 1289 ἐπί
345 1219 404 1300 τάς
417 1223 505 1307 νέας,
524 1224 557 1288 οί
571 1219 607 1287 δὲ
622 1217 708 1306 άμφί
721 1223 889 1308 Ξέρξηνές
903 1219 986 1290 ὁδδν
1002 1220 1069 1308 ὡρ-

63 1325 173 1408 μέατο.
190 1312 294 1387 Ἧκον
305 1322 413 1406 δέσφι
424 1316 603 1405 αύτόμολοι
616 1314 801 1406 άνδρεςάπ’
816 1318 986 1409 Ἀρκαδίης
998 1319 1068 1389 ὀλί-
1083 1342 1118 1395 26

62 1445 117 1504 γοι
131 1422 235 1504 τινές,
252 1424 331 1504 βίον
340 1443 377 1485 τε
388 1417 542 1503 δεόμενοι
554 1417 608 1484 καί
619 1417 748 1504 ἐνεργοί
758 1417 959 1504 βουλόμενοι
973 1417 1066 1487 εἶναι.

63 1514 201 1600 ἄγοντες
216 1517 252 1582 δὲ
272 1513 414 1592 τούτους
430 1515 463 1592 ἐς
481 1512 561 1595 ὄψιν
580 1510 644 1600 τὴν
658 1516 812 1600 βασιλέος
832 1516 1068 1596 ἐπυνθάνοντο

63 1618 97 1679 οἱ
105 1616 232 1699 Πέρσαι
243 1613 320 1695 περὶ
333 1620 401 1678 τῶν
410 1609 580 1698 Ἑλλήνων
593 1607 631 1678 τά
649 1613 812 1679 ποιέοιεν·
836 1608 882 1692 εἷς
893 1616 933 1682 δέ
939 1640 989 1692 τις
1002 1607 1066 1700 πρδ

62 1711 200 1777 πάντων
215 1704 290 1797 ἦνὸ
312 1712 475 1798 είρωτέων
490 1705 613 1786 αύτούς
627 1715 739 1776 ταῦτα.
763 1714 797 1778 ολ
808 1712 848 1778 δέ
861 1731 921 1797 σφι
940 1716 1066 1797 ἔλεγον,

65 1805 109 1885 ὡς
124 1804 287 1893 Ὀλύμπια
302 1804 418 1893 άγοιεν
432 1807 486 1873 καί
506 1809 688 1892 θεωρέοιεν
702 1802 816 1890 ἀγῶνα
830 1804 997 1893 γυμνικδν
1012 1808 1067 1874 καὶ

63 1905 212 1975 ἱππικόν.
235 1904 253 1973 ὁ
268 1907 305 1973 δὲ
321 1908 480 1993 ἐπείρετο,
498 1903 518 1971 ὅ
530 1932 562 1972 τι
576 1901 613 1971 τδ
627 1900 754 1973 άεθλον
766 1914 817 1993 είη
828 1924 889 1991 σφι
900 1919 1067 1991 κείμενον,

61 2009 138 2090 περὶ
153 2003 231 2073 ὅτευ
246 2002 480 2091 ἀγωνίζονται·
503 2008 537 2072 οί
553 2000 584 2071 δ’
598 2001 692 2072 εἶπον
706 2010 764 2091 τῆς
779 2005 888 2091 ἐλαίης
902 2001 963 2071 τδν
974 2004 1068 2070 διδό-

61 2129 167 2189 μενον
182 2106 359 2190 στέφανον.
394 2104 542 2171 ἐνθαῦτα
559 2111 653 2182 εἶπας
669 2100 809 2189 γνύμην
825 2101 1067 2188 γενναιοτάτην

65 2209 325 2291 Τριτανταίχμης
344 2201 363 2272 ὁ
383 2199 591 2291 Ἀρταβάνου
613 2207 740 2289 δειλίην
762 2195 853 2289 άφλε
871 2201 955 2291 πρδς
969 2211 1068 2290 βασι-

61 2304 143 2378 λέος.
167 2300 428 2388 πυνθανόμενος
441 2299 506 2387 γάρ
521 2296 557 2370 τδ
574 2298 701 2369 άεθλον
716 2297 774 2370 έδν
790 2303 975 2388 στέφανον,
990 2298 1065 2370 ἄλλ’

61 2396 103 2465 ού
116 2396 277 2485 χρήματα,
289 2397 367 2467 ούτε
377 2395 532 2486 ἠνέσχετο
539 2400 658 2484 σιγέων
669 2397 745 2468 εἶπέ
750 2425 785 2468 τε
796 2400 960 2480 ἐςπάντας
970 2400 1065 2468 τάδε·

61 2498 191 2579 Παπαί,
210 2494 399 2583 Μαρδόνιε,
415 2503 530 2575 κοίους
544 2493 596 2564 ἐπ’
609 2495 735 2584 ἄνδρας
748 2493 869 2582 ἤγαγες
883 2499 1067 2583 μαχεσομέ·

61 2617 143 2669 νους
156 2587 275 2678 ἡμέας,
291 2599 326 2660 οἳ
340 2590 382 2660 ού
397 2594 471 2680 περὶ
485 2593 663 2680 χρημάτων
676 2589 737 2660 τδν
751 2589 866 2679 άγῶνα
880 2601 1065 2669 ποιεῦνται.

60 2685 145 2756 ἀλλὰ
161 2690 237 2774 περὶ
250 2686 377 2777 ἀρετῆς.
404 2690 520 2781 Τούτφ
535 2689 598 2777 μὲν
612 2687 653 2779 δὴ
664 2697 767 2759 ταῦτα
780 2700 909 2780 είρητο,
924 2694 961 2761 ἐν
972 2692 1008 2760 δὲ
1019 2698 1065 2783 τῷ
1078 2715 1112 2771 27

60 2784 116 2854 διά
132 2789 236 2873 μέσου
251 2787 373 2878 χρόνῳ,
392 2789 498 2856 έπείτε
514 2787 551 2856 τδ
567 2791 605 2856 έν
616 2789 853 2880 Θερμοπύλῃσι
866 2798 981 2881 τρῶμα
993 2793 1066 2877 έγε·
1120 2868 1123 2872 ,

59 2885 169 2973 γόνεε,
184 2881 303 2954 αὐτίκα
314 2889 479 2956 Θεσσαλοὶ
489 2889 655 2972 πέμπουσι
666 2887 798 2975 κη’ρνκα
810 2893 995 2979 ἐςΦωκέας,
1008 2889 1066 2959 άτε

60 3004 121 3069 σφι
137 2983 306 3069 ένέχοντες
321 2987 385 3053 αίεί
398 2985 510 3072 χόλον,
526 2981 591 3053 άπδ
608 2985 644 3054 δέ
661 2994 721 3055 τοῦ
733 2985 880 3056 ὑστάτου
894 2989 1066 3076 τραύματος

60 3081 115 3146 καὶ
133 3077 171 3146 τδ
192 3079 307 3167 κάρτα.
337 3082 534 3170 ἐσβαλόντες
553 3080 619 3170 γάρ
639 3092 843 3174 πανστρατιῇ
864 3085 961 3154 αύτοί
977 3112 1014 3155 τε
1033 3092 1068 3157 οί

61 3178 224 3247 Θεσσαλοί
234 3180 334 3249 καλοί
343 3180 509 3268 σύμμαχοι
520 3178 633 3251 αὐτῶν
646 3185 680 3262 ές
690 3179 770 3263 τούς
781 3185 918 3263 Φωκέας
927 3181 970 3253 ού
980 3195 1065 3256 πολ-

59 3284 147 3344 λοϊσι
165 3279 251 3343 ἔτεσι
265 3278 432 3365 πρότερον
446 3279 568 3368 ταύτης
580 3288 638 3368 τῆς
657 3283 810 3369 βασιλέος
825 3289 1070 3373 στρατηλασίης

59 3370 260 3459 ἑσσώθησαν
274 3370 341 3443 ύπδ
359 3383 427 3444 τῶν
438 3382 585 3448 Φωκέων
596 3385 650 3446 καί
664 3381 898 3466 περιέφθησαν
910 3384 1062 3467 τρηχέως.
