2378 3840
111 172 175 237 312
492 171 742 230 HERODOTI

111 336 201 403 έκλεέ
199 357 287 416 πετε,
304 333 460 418 μένοντές
474 357 509 397 τε
523 357 543 416 η
531 325 724 398 ’ἀπόλλυτε
737 329 815 409 τοὺς
832 330 1043 415 ἐναντίους
1019 361 1042 424 η
1059 333 1119 404 αύ

110 434 161 500 τοὶ
178 426 382 497 ἀπόλλυσθε.
411 424 564 495 τωνδ’”
543 424 597 512 αρ’
614 420 658 512 ἡν
674 424 774 495 οὐδὲν
789 425 921 516 ἀληθές.
954 430 1096 520 πρὶν
1055 461 1121 520 γαρ

110 556 131 616 η
118 522 338 614 ”συμμῑξαι”
320 528 423 651 ημέας
439 526 471 602 ές
487 531 608 611 χειρῶν
623 551 657 591 τε
673 524 813 651 νόμον’
794 532 992 617 απικέσθαι,
1008 532 1067 599 καὶ
1082 529 1122 617 δὴ

111 624 300 714 φενγονοας
309 650 364 691 και
353 622 468 704 ταξιν
479 622 719 704 εκλείπουτας
701 652 804 712 υμεας
813 631 956 716 εἴδομεν,
967 627 1027 698 ἐν’
1024 640 1124 717 Αθη-

111 728 237 791 ναίοισέ
251 747 285 787 τε
300 718 362 805 τὴν
382 722 571 807 πρόπειραν
586 727 808 808 ποιευμένους
827 723 951 806 αὑτούς
970 754 1005 796 τε
1023 725 1124 796 ἀντία

111 820 244 890 δούλων
256 825 323 886 τῶν
333 816 506 906 ἡμετέρων
515 826 750 909 τασσομένους.
774 832 878 894 ταῦτα
890 826 1048 915 οὐδαμῶς
1059 826 1120 896 ἀν-

112 925 203 1009 δρῶν
217 915 358 1004 ἀγαθῶν
373 925 461 1006 έρμα.
488 918 573 991 ἀλλά
585 930 740 990 πλεῖστον
752 921 793 1011 δὴ
805 926 843 992 ἐν
854 923 936 1012 ὑμῖν
947 925 1122 1014 ἐψεύσθη-

111 1045 182 1108 μεν.
214 1018 477 1106 προσδεκόμενοι
495 1018 559 1105 γὰρ
582 1017 665 1087 κατά
686 1022 780 1100 κλέος
798 1019 842 1101 ὡς
863 1021 904 1110 δὴ
925 1027 1073 1111 πέμψετε
1090 1027 1123 1104 ές

109 1115 214 1206 ἡμέας
233 1116 365 1203 κήρυκα
386 1117 654 1204 προκαλεύμενοι
671 1121 725 1186 καλ
745 1121 947 1206 βουλόμενοι
961 1124 1122 1211 μούνοισι

109 1218 259 1303 Πέρσησι
280 1214 506 1301 μάχεσθαι,’
491 1215 600 1303 ἀρτιοι
622 1213 732 1293 έύντες
751 1220 879 1286 ποιέειν
898 1227 1003 1288 ταῦτα
1019 1218 1120 1288 οὐδὲν

111 1318 242 1383 τοιοῦτο
255 1313 413 1398 λέγοντας
427 1311 582 1400 ὑμέας”
541 1340 696 1400 ευρομεν,
712 1311 796 1383 ἀλλά
808 1316 1024 1438 πτώσσοντας
1034 1328 1119 1406 μᾶλ-

111 1425 182 1485 λον.
203 1418 270 1481 νῦν
286 1404 335 1480 ύν
349 1410 516 1499 ἑπειδὴ’
477 1441 540 1481 ουκ
557 1411 649 1500 ὑμεῖς
663 1410 782 1502 ἤρξατε
796 1415 919 1485 τούτου
929 1442 991 1486 του
976 1417 1121 1505 λόγου,

112 1511 186 1584 ἀλλ’
209 1508 303 1599 ἡμεῖς
324 1511 477 1599 ἄρχομεν.
517 1519 551 1580 τί
568 1510 608 1598 δὴ
630 1509 671 1578 οὑ
695 1537 760 1598 προ
749 1510 841 1599 μὲν
863 1522 931 1582 ταῖν
948 1513 1121 1604 Ἐλλήνων

112 1607 217 1697 ὑμεῖς,
242 1613 348 1676 έπεέτε
366 1610 555 1690 δεδόξωσθε
571 1607 690 1677 εἶναι”
669 1629 809 1698 αριστοτ,
824 1635 889 1700 προ
879 1610 940 1681 δὲ
953 1620 1023 1682 τῶν
1034 1622 1121 1702 βαρ

33 1770 35 1774 ,
111 1706 226 1794 βύρων
237 1704 340 1794 ἡμεῖς,
353 1716 421 1775 ἴσοι
432 1705 517 1796 πρός
528 1716 622 1787 λ’σους
633 1704 784 1795 ἀριθμόν
795 1710 1047 1797 ἐμαχεσάμεθα;
1064 1715 1122 1780 καλ

109 1802 152 1894 ἡν
174 1809 236 1892 μὲν
254 1807 353 1893 δοκέη
369 1809 422 1873 καὶ
438 1803 517 1885 τοὺς
533 1804 656 1885 ἀλλους
670 1807 852 1896 μάχεσθαι,
875 1815 908 1878 οἱ
922 1809 954 1877 δ’
973 1803 1023 1879 ἀν
1040 1839 1123 1898 μετ-

101 1905 240 1972 ·έπειτεν
259 1904 438 1989 μαχέσθων
453 1901 603 1988 ὕστεροι·
637 1907 667 1970 εἰ
688 1903 723 1971 δὲ
743 1904 799 1971 καὶ
820 1902 865 1991 μὴ
887 1909 1015 1994 δοκέοι,
1042 1906 1120 1978 ἀλλ’
1156 1968 1160 1986 .

108 2002 212 2095 ἡμέας
227 2004 376 2092 μούνους
391 2002 559 2090 ἀποχρᾶν,
574 2001 667 2090 ἡμεῖς
682 2007 718 2071 δέ
730 2006 1015 2093 διαμαχεσόμεθα·
1038 2006 1117 2077 ὁκό-
1153 2023 1160 2037 ⁴

109 2130 200 2188 τεροι
215 2101 245 2170 δ’
268 2099 313 2170 ἀν
329 2101 441 2191 ἡμέων
454 2102 632 2189 νικήσωσι,
655 2102 795 2183 τούτους
810 2110 856 2195 τῷ
877 2103 999 2180 ἅπαντι
1015 2126 1122 2190 στρα-

64 2218 94 2270 49
111 2205 238 2293 τοπέδω
254 2209 362 2270 νικᾶν.
402 2199 439 2271 Ὁ
452 2203 514 2288 μέν
529 2207 633 2268 ταῦτα
648 2209 742 2279 εέπας
760 2226 795 2268 τε
810 2202 865 2268 καὶ
880 2198 1025 2287 έπισχαὺν
1038 2203 1123 2288 χρό-

108 2329 182 2390 νον,
201 2301 246 2381 ός
257 2306 291 2371 ολ
299 2299 409 2380 οὐδεὶς
421 2299 522 2368 οὐδὲν
534 2297 741 2384 ὑπεκρίνετο,
757 2295 986 2367 ἀπαλλάσσετο
997 2296 1121 2389 όπέοω,

109 2396 270 2469 ἀπελθών
286 2400 322 2465 δὲ
336 2397 493 2485 ἐσήμαινε
510 2401 696 2488 Μαρδονίῳ
717 2394 756 2464 τά
775 2396 1014 2485 καταλαβόντα.
1044 2396 1063 2464 ὁ
1084 2402 1123 2467 δὲ

108 2498 288 2585 περιχαρής
297 2495 479 2582 γενόμενος
490 2499 544 2563 καὶ
553 2496 727 2581 ἐπαερθεὶς
737 2503 847 2585 ψυχρῇ
858 2502 934 2585 νίκη
943 2499 1045 2583 έπὴκε
1055 2495 1122 2584 τήν

108 2601 213 2665 ἵππον
235 2597 286 2663 έπλ
308 2592 387 2673 τοὺς
401 2594 571 2681 Ἕλληνας.
608 2593 654 2674 ὡς
667 2597 704 2664 δὲ
725 2595 895 2680 ἐπήλασαν
917 2600 951 2664 ολ
965 2595 1121 2683 ἱππόται,

109 2698 258 2765 ἐσίνοντο
274 2702 386 2760 πᾶσαν
399 2692 462 2780 τὴν
478 2691 636 2778 στρατιὴν
652 2690 712 2779 τὴν
728 2689 926 2780 Ἐλληνικὴν
941 2695 1121 2762 ἐσακοντί-

109 2794 218 2873 ζοντές
233 2818 269 2859 τε
291 2796 345 2859 καὶ
366 2793 595 2872 έστοξεύοντες
617 2790 735 2858 ὥστελ
720 2789 932 2870 ἱπποτοξόται
947 2815 983 2858 τε
1004 2791 1122 2872 ἐόντες

108 2891 163 2956 καὶ
177 2887 466 3010 πρρσφέρεσθαι
453 2888 582 2975 ἀποροι.
617 2889 679 2974 τήν
699 2915 735 2956 τε
754 2890 884 2976 κρήνην
902 2887 965 2977 τὴν
979 2895 1122 2977 Γαργαε

108 2994 205 3074 φίην,
222 2981 280 3052 ἀπ’
292 2977 333 3073 ἡς
349 2983 509 3072 ὑδρεύετο
525 2993 593 3053 πᾶν
606 2984 644 3054 τὸ
657 2986 845 3074 στράτευμα
860 2984 896 3057 τὸ
906 2986 1121 3108 Ἑλληνικόν,

107 3082 337 3169 συνεταραξαν
347 3087 403 3152 καὶ
413 3088 615 3170 συνέχωσαν
631 3077 719 3171 ἡσαν
729 3086 792 3172 μεν
804 3113 853 3153 ων
862 3111 945 3154 κατα
956 3084 1020 3173 τὴν
1031 3089 1121 3174 κρή-

108 3210 172 3271 νην
187 3183 447 3268 Λακεδαιμόνιοι
467 3185 660 3303 τεταχμένοι
673 3191 812 3271 μοῦνοι,
833 3199 918 3252 τοῖσι
933 3187 970 3253 δὲ
983 3182 1121 3253 ἀλλοεσι

107 3277 274 3367 Ελλησι
256 3307 277 3366 η
293 3280 355 3366 μέν
370 3279 478 3369 κρήνη
493 3278 609 3367 πρόσω
626 3280 811 3370 έχένετο,’
789 3308 833 3361 ως
849 3284 981 3350 ε’καστοι
995 3288 1120 3369 ἔτυχον

106 3406 203 3448 τεταν
201 3377 346 3469 ιιένοι,’
331 3407 349 3448 ο
363 3377 421 3450 δὲ’
418 3377 591 3461 Ασωπός’
571 3389 694 3467 αγχοῦ·
717 3381 915 3471 ἐρυκόμενοι
925 3381 992 3452 δὲ’
973 3384 1040 3454 απὸ
1053 3390 1120 3454 τοὺ
