2378 3840
114 188 177 250 254
488 188 742 245 HERODOTI

114 348 243 416 αύτοῑσι
256 354 492 434 δειμαίνοντες,
506 343 550 424 ὡς
561 349 635 432 περὶ
646 345 950 436 τῇΠελοποννήσφ.
968 347 1053 423 τέως
1063 347 1126 432 μὲν

115 442 155 530 δὴ
177 443 289 512 αὐτῶν
314 442 400 530 ἀνὴρ
422 440 520 529 άνδρὶ
544 440 714 530 παραστάς
735 448 812 530 σιγῇ
836 441 941 527 λόγον
962 442 1127 527 ἐποιέετο,

114 548 217 624 θῶμα
249 537 439 625 ποιεύμενοι
464 537 526 625 τὴν
542 537 764 627 Εὐρυβιάδεω
779 537 960 626 ἀβουλίην,
975 541 1074 618 τέλος
1089 539 1125 606 δὲ

114 636 273 723 ἐξερράγη
286 639 319 716 ές
329 635 366 705 τό
379 640 491 723 μέσον.
513 637 677 723 σύλλογός
690 661 725 704 τε
737 633 777 722 δὴ
791 639 933 722 έγίνετο,
946 633 1124 704 καὶπολλὰ

114 742 242 824 ἐλέγετο
258 739 415 825 περὶτῶν
430 736 558 826 αὐτῶν,
573 743 608 807 οί
620 738 699 825 μὲν,
717 735 761 816 ὡς
776 738 809 816 ές
822 735 884 823 τὴν
898 737 1125 823 Πελοπόννη-

115 857 176 903 σον
189 832 299 922 χρεων
313 844 364 923 εἴη
379 833 572 905 άποπλιάειν
588 838 641 903 καὶ
656 835 732 922 περὶ
747 836 875 921 ἐκείνης
891 833 1126 920 κινδυνεύειν,

114 936 197 1021 μηδὲ
213 931 278 1019 πρὸ
292 933 402 1020 χύρης
418 934 625 1023 δοριαλώτου
639 936 800 1020 μένοντας
814 934 1000 1020 μάχεσθαι,
1018 929 1124 1018 Ἀθη-

113 1045 201 1100 ναῖοι
213 1031 249 1099 δὲ
256 1034 312 1099 καλ
317 1037 493 1119 Αἰγινῆται
504 1035 560 1100 καὶ
567 1033 739 1118 Μεγαρέες
749 1028 856 1098 αὐτοῦ
861 1034 1025 1117 μένοντας
1031 1025 1124 1116 άμύ-

65 1149 99 1207 75
114 1140 249 1198 νασθαι.
279 1128 446 1199 Ἐνδαῦτα
460 1134 701 1218 Θεμιστοκλέης
718 1128 762 1210 ὡς
783 1131 921 1198 ἑσσοῦτο
942 1137 981 1219 τῇ
1000 1128 1125 1217 γνώμη.

103 1225 179 1309 ῥὑπὸ
193 1235 262 1296 τῶν
275 1235 576 1317 Πελοποννησίων,
591 1227 709 1298 λαθών
724 1231 885 1316 ἐξέρχεται
899 1230 936 1295 ἐκ
952 1233 1015 1295 τού
1036 1246 1123 1294 συν-

113 1330 244 1414 εδρίου,
260 1325 409 1407 έξελθύν
420 1328 455 1396 δὲ
466 1331 585 1414 πέμπει
601 1329 634 1406 ές
648 1324 684 1394 τὸ
697 1325 922 1412 στρατόπεδον
936 1320 973 1392 τὸ
985 1324 1124 1410 Μήδων

113 1422 222 1512 ἄνδρα
235 1432 352 1516 πλοίῳ,
370 1427 599 1513 ἐντειλάμενος
614 1422 654 1492 τά
670 1426 780 1508 λέγειν
792 1427 910 1510 χρεων,
929 1427 974 1512 τῷ
986 1419 1121 1508 οὕνομα

114 1524 175 1608 μὲν
189 1515 233 1610 ἦν
246 1529 423 1609 Σίκιννος,
441 1526 568 1611 οἰκέτης
579 1522 616 1590 δὲ
627 1526 682 1590 καὶ
692 1518 905 1607 παιδαγωγὸς
914 1513 958 1607 ἦν
972 1526 1042 1586 τῶν
1055 1527 1121 1588 Θε-

113 1625 305 1709 μιστοκλέος
326 1628 472 1710 παίδων,
493 1619 554 1690 τδν
570 1619 609 1708 δὴ
633 1620 776 1709 ὕστερον
794 1621 925 1689 τούτων
945 1625 1015 1687 τῶν
1030 1642 1120 1704 πρη-

112 1719 249 1807 γμάτων
260 1723 501 1807 Θεμιστοκλέης
507 1723 651 1790 Θεσπιέα
660 1745 695 1788 τε
708 1722 851 1807 ἐποίησε,
864 1717 908 1799 ὡς
919 1720 1122 1787 ἐπεδέκοντο

113 1821 147 1885 οί
156 1820 313 1896 Θεσπιέες
322 1818 497 1906 πολιήτας,
509 1821 564 1885 καλ
573 1818 717 1905 χρήμασι
730 1815 855 1904 ὄλβιον.
878 1813 915 1896 ὃς
925 1815 999 1884 τότε
1011 1817 1107 1903 πλοί,

113 1913 314 2003 ἀπικόμενος
329 1922 421 2003 ἔλεγε
435 1916 520 2005 πρὸς
536 1915 615 1995 τούς
631 1913 837 2003 στρατηγούς
851 1922 919 1984 τῶν
933 1913 1120 2003 βαρβάρων

112 2014 207 2082 τάδε·
219 2015 370 2104 Ἔπεμψέ
378 2044 419 2105 με
429 2015 640 2104 στρατηγὸς-ὁ
653 2015 843 2104 Ἀθηναίων
854 2018 965 2104 λάθρη
975 2023 1046 2085 τῶν
1058 2014 1118 2083 άλ-

112 2121 181 2180 λων
196 2111 365 2200 Ἑλλήνων
387 2115 555 2201 ’τυγχάνει
570 2113 635 2201 γάρ
658 2116 813 2202 φρονέων
833 2113 873 2181 τά
887 2115 1042 2202 βασιλέος
1064 2115 1118 2180 καὶ

111 2211 317 2298 βουλόμενος
332 2220 460 2298 μᾶλλον
479 2212 519 2281 τά
544 2211 687 2301 ὑμέτερα
710 2215 901 2301 κατύπερθε
917 2218 1077 2300 γίνεσθαι
1097 2207 1118 2297 ἢ

111 2308 151 2377 τά
169 2317 238 2377 τῶν
252 2308 422 2398 Ἑλλήνων
432 2314 622 2399 πράγματα’
639 2315 830 2403 φράσοντα,
852 2311 903 2381 ὅτι
918 2318 952 2380 οί
959 2310 1120 2401 Ἕλληνες

112 2404 263 2495 δρησμὸν
277 2410 497 2496 βουλεύονται
511 2411 819 2500 καταρρωδηκότες,
834 2414 889 2478 καλ
903 2417 969 2477 νῦν
979 2415 1116 2497 παρέχει

112 2506 290 2574 κάλλιστον
305 2505 407 2593 ὑμέας
428 2515 528 2597 ἔργον
543 2508 703 2579 ἁπάντων
724 2509 983 2596 ἐξεργάσασθαι,
1005 2503 1050 2594 ἢν
1072 2508 1116 2594 μὴ

112 2610 278 2692 περιίδητε
296 2608 497 2692 διαδράντας
512 2607 644 2689 αύτούς.
668 2609 745 2677 ούτε
764 2606 829 2695 γάρ
847 2604 1018 2693 άλλήλοισι
1033 2603 1117 2692 ὁμο-

112 2702 295 2787 φρονέουσι
306 2701 378 2770 ούτ’
393 2710 440 2773 ἔτι
451 2703 703 2794 ἀντιστήσονται
718 2704 810 2792 ὑμῖν,
824 2701 909 2791 πρὸς
920 2704 1069 2782 ἑωυτούς
1083 2730 1117 2773 τε

111 2802 216 2887 σφέας
230 2797 357 2881 ὄψεσθε
377 2809 624 2892 ναυμαχέοντας
641 2803 720 2884 τούς
734 2801 774 2872 τά
788 2801 930 2890 ὑμέτερα
947 2805 1117 2889 φρονέον-

111 2925 169 2976 τας
188 2900 243 2966 καὶ
263 2896 344 2979 τοὺς
363 2901 417 2987 μή.
459 2900 495 2970 Ὁ
515 2906 577 2991 μὲν
596 2901 701 2970 ταῦτά
721 2923 781 2988 σφι
796 2901 945 2988 σημήνας
962 2898 1118 2968 έκποδύν

63 3021 98 3075 76
113 2995 358 3083 ἀπαλλάσσετο,
373 3013 457 3068 τοῖσι
475 3001 511 3068 δὲ
527 2998 571 3081 ὡς
584 2998 682 3068 πιστά
700 3001 825 3085 ἐγίνετο
840 2994 879 3064 τά
896 2994 1118 3084 ἀγγελθέντα,

111 3102 209 3164 τοῦτο
223 3094 286 3181 μὲν
298 3097 331 3172 ές
345 3093 407 3181 τὴν
418 3102 537 3183 νησῖδα
554 3097 615 3185 τὴν
630 3095 851 3182 Ψυττάλειαν,
865 3090 987 3179 μεταξύ
998 3101 1118 3162 Σαλα-

111 3198 207 3284 μῖνός
216 3223 251 3264 τε
263 3198 420 3282 κειμένην
431 3201 486 3266 καὶ
496 3206 553 3284 τῆς
563 3197 714 3287 ἠπείρου,
725 3193 871 3274 πολλούς
882 3200 949 3261 τῶν
955 3195 1117 3279 Περσέων

110 3295 335 3384 άπεβίβασαν,
360 3306 459 3369 τοῦτο
484 3301 536 3386 δέ,
566 3299 678 3386 ἐπειδὴ
700 3299 849 3384 ἐγίνοντο
869 3297 965 3382 μέσαι
983 3294 1118 3382 νύκτες,

106 3393 238 3477 άνῇγον
249 3397 316 3482 μὲν
330 3394 367 3466 τὸ
379 3394 438 3466 ἀπ’
453 3398 590 3482 ἑσπέρης
604 3398 703 3484 κέρας
717 3394 939 3480 κυκλούμενοι
954 3391 1040 3477 πρὸς
1053 3391 1118 3479 τὴν
