2378 3840
319 161 403 218 ¹18.
435 160 482 216 τι
516 160 806 220 omos-103.
1004 157 1066 221 1⁰3

62 323 248 401 λάσσεσθοί
256 340 361 406 σφεας
373 319 407 398 ἐς
421 315 485 405 τῆν
495 317 672 403 σφετέρην,
690 320 748 384 ἵνα
758 316 803 406 μῆ
820 319 1066 405 προσαπόλων-

29 450 123 492 ιται.
147 424 182 489 οί
194 420 231 489 δέ
243 416 417 505 Ἀθηναλοι
427 422 531 484 ταῦτα
542 420 683 503 Αἰσχίνη
692 417 982 504 συμβουλεύσαντι
993 423 1069 484 πεί,
1141 422 1153 441 ’

59 530 191 590 θονται.
236 516 303 585 ma
321 506 416 583 οὗτοι
435 514 498 601 μὲν
518 514 693 601 διαβάντες
716 514 750 592 ἐς
766 512 922 602 Ὠρωπόν
944 521 1067 616 ἐσμζον
1084 538 1137 592 101

59 621 167 706 σφέας
177 613 318 704 αὐτοῦς,
333 620 369 685 αί
376 618 413 684 δέ
421 617 550 701 Πέρσαι
564 614 733 694 πλάοντες
747 618 907 703 κατέσχον
917 611 1067 696 τάςῦέας

57 723 118 804 τῆς
127 713 311 803 Ἐρετρικῆς
323 713 432 801 χάρτης
446 711 529 782 κατά
543 712 701 798 Ίαμιίνας
715 715 770 780 καί
783 717 925 799 Χοιρέας
938 692 1068 783 Αἰνίδ-

59 822 168 903 γίλια,
182 811 402 898 κατασχόντες
416 813 452 881 δὲ
468 814 501 890 ἐς
515 817 618 879 ταῦτα
637 808 678 878 τό
692 816 796 896 χωρία
811 809 929 880 αὐτίκα
942 813 1068 892 ἵππους

57 940 95 982 τε
117 912 332 1000 ἐξεβάλλοντο
352 911 409 978 καὶ
428 909 714 994 παρεσκευάζοντο
742 905 787 988 ὡς
808 910 1068 996 προσοισόμενοι

57 1024 147 1080 τοῖσι
161 1011 320 1098 ἐχθρολσι.
342 1012 377 1076 οί
385 1007 422 1075 δὲ
434 1004 609 1091 Ἐρετριέες
623 1009 814 1085 ἐπεξελθεῖν
824 1007 887 1093 μὲν
897 1009 952 1075 καί
966 1012 1068 1094 μαχέ-

58 1119 188 1181 σασθαι
201 1105 265 1178 οὐκ
285 1109 458 1176 ἐποιεῦντο
475 1104 620 1195 βουλὴν,
641 1116 675 1174 εί
691 1132 757 1185 κως
773 1105 810 1173 δὲ
827 1105 1069 1193 διαφυλάξαιεν

58 1209 101 1280 τά
115 1215 232 1296 τείχεα,
247 1206 370 1278 τοῦτον
384 1228 444 1293 σφι
463 1205 538 1292 πέρι
556 1208 667 1290 ἔμελε,
688 1205 794 1271 ἐπείτε
811 1210 904 1276 ἐνίκα
917 1205 962 1294 μὴ
978 1210 1070 1276 ἐκλι-

58 1323 139 1378 πεῖν
151 1304 214 1393 τῆν
227 1306 336 1377 πόλιν.
358 1311 547 1394 προσβολῆς
560 1308 597 1372 δὲ
613 1312 791 1392 γινομένης
808 1315 969 1395 καρτερῆς
984 1305 1069 1393 πρός

59 1403 98 1475 τό
115 1418 220 1491 τεῖχος
233 1409 374 1472 ἔπιπτον
386 1406 440 1471 ἐπὶ
459 1406 491 1483 ἓξ
505 1400 629 1489 ἡμέρας
648 1407 765 1471 πολλοί
781 1404 843 1490 μὲν
857 1402 1068 1491 ἀμφοτέρων,

59 1510 102 1592 τῆ
119 1500 156 1569 δέ
172 1498 297 1588 ἑβδόμη
310 1498 493 1588 Εὔφορβός
506 1526 541 1568 τε
558 1497 787 1588 δἈλκιμάχον
798 1506 853 1572 καί
868 1509 1035 1590 Φίλαγρος
1049 1499 1069 1570 ὁ
1158 1543 1160 1546 -

61 1602 200 1686 Κυνέω,
222 1596 344 1684 ἀνδρες
362 1604 432 1666 τῦν
453 1595 565 1664 ἀστόν
586 1598 735 1686 δόκιμοι,
761 1605 961 1687 προδιδοῦσι
984 1615 1071 1668 τοῖσι

60 1701 219 1789 Πέρσησι.
244 1703 278 1768 οί
290 1697 327 1765 δέ
341 1696 535 1776 ἐσελθόντες
546 1698 580 1776 ἐς
589 1694 652 1784 τῆν
662 1698 763 1766 πόλιν
772 1707 872 1793 τοῦτο
883 1702 946 1787 μὲν
958 1700 997 1768 τά
1013 1699 1070 1789 ίρά

62 1801 269 1888 συλήσαντες
288 1799 493 1884 ἐνέπρησαν,
517 1792 758 1883 ἀποτινύμενοι
776 1806 845 1865 τῶν
868 1803 905 1868 ἐν
925 1801 1071 1886 Σάρδισι

62 1897 346 1971 κατακαυθέντων
361 1899 461 1982 ἐρῶν,
476 1901 575 1963 τοῦτο
590 1895 626 1962 δὲ
637 1892 717 1973 τοῦς
727 1892 933 1982 ἀνθρώπους
943 1896 1072 1986 ἠνδρα-

63 2000 244 2066 ποδίσαντο
259 1991 342 2061 κατά
357 1989 417 2073 τάς
426 1998 576 2078 Δαρείου
590 1992 734 2071 ἐντολάς.
765 1995 1017 2082 Χειρωσάμενοι
1035 1998 1072 2065 δὲ
1087 2017 1139 2070 102

61 2095 125 2182 τὴν
144 2093 312 2180 Ἐρέτριαν
328 2096 384 2162 καὶ
405 2094 594 2178 ἐπισχόντες
612 2089 724 2178 ὀλίγας
740 2090 865 2181 ἡμέρας
886 2100 1017 2165 έπλωον
1038 2098 1072 2176 ἐς

62 2193 127 2281 την
136 2189 303 2277 Ἀττικὴν,
321 2193 536 2277 κατέργοντές
548 2216 584 2259 τε
598 2189 725 2260 πολλόν
737 2195 792 2260 καὶ
807 2196 978 2273 δοκέοντες
988 2193 1072 2263 ταῦ-

61 2289 105 2362 τά
127 2289 207 2368 τοὺς
229 2289 429 2376 Ἀθηναίους
448 2291 619 2376 ποιήσειν,
646 2290 686 2355 τά
709 2293 764 2356 καὶ
788 2289 866 2369 τούς
891 2290 1072 2378 Ἐρετριέας

62 2395 240 2476 ἐποίησαν,
255 2388 310 2456 καί
319 2379 363 2474 ἦν
373 2384 438 2473 γάρ
450 2383 468 2454 ὁ
481 2385 664 2475 Μαραθῶν
675 2388 938 2474 ἐπιτηδεότατον
948 2397 1072 2480 χωρίον

63 2494 123 2573 τῆς
134 2483 280 2571 Ἀττικῆς
294 2486 490 2552 ἐνιππεῦσαι
505 2489 561 2555 καί
577 2482 747 2573 ἀγχοτάτω
761 2495 818 2572 τῆς
836 2485 1017 2578 Ἐρετρίης,
1039 2493 1073 2569 ἐς

62 2582 165 2654 τοῦτό
182 2602 243 2669 σφι
257 2585 433 2667 κατηγέετο
445 2579 572 2668 Ἱππίης
586 2582 604 2650 ὁ
620 2583 874 2670 Πεισιστράτου.
901 2583 1074 2673 Ἀθηναῖοι
1089 2602 1141 2658 10³

64 2688 102 2755 δὲ
118 2681 163 2761 ὥς
176 2682 346 2753 ἐπύθοντο
361 2688 482 2769 ταῦτα,
514 2680 662 2766 ἐβάθιον
687 2686 742 2751 καί
758 2681 853 2754 αὐτοὶ
868 2683 977 2764 ἐςτόν
990 2694 1073 2754 Μα-

64 2789 216 2870 ραθῶνα.
237 2773 322 2868 ῆγον
338 2781 378 2848 δέ
389 2798 495 2867 σφεας
509 2784 686 2868 στρατηγοί
701 2781 797 2867 δέκα,
818 2787 887 2849 τῶν
902 2778 920 2849 ὁ
936 2786 1073 2861 δέκατος

63 2875 109 2969 ἦν
119 2878 324 2965 Μιλτιάδης,
337 2884 400 2946 τοῦ
415 2877 476 2945 τὸν
490 2881 614 2966 πατέρα
625 2885 765 2963 Κίμωνα
776 2875 837 2946 τόν
846 2880 1072 2966 Στησαγόρεω

65 2982 225 3066 κατέλαβε
242 2990 365 3065 φαγεῖν
388 2977 421 3057 ἐξ
438 2973 608 3063 Ἀθηνέων
623 2979 865 3063 Πεισίστρατον
885 2974 945 3045 τόν
958 2975 1074 3044 Ἱππο-

65 3079 213 3163 κράτεος.
240 3077 296 3145 καὶ
315 3071 406 3165 αῦτςό
422 3075 584 3162 φεύγοντι
602 3072 808 3161 Ὀλυμπιάδα
823 3071 1004 3143 ἀνελέσθαι
1018 3098 1075 3142 τε-

64 3184 204 3267 θρίππφ
219 3178 359 3264 συνέβη,
381 3179 436 3245 καί
448 3175 575 3262 ταύτην
593 3178 655 3261 μὲν
672 3173 734 3261 τῆν
752 3180 851 3259 νίκην
867 3169 1075 3259 ἀνελόμενόν

65 3302 125 3363 μιν
136 3271 242 3342 τώυτό
258 3277 487 3355 ἐξενείκασθαι
500 3279 546 3364 τῷ
561 3271 750 3363 ὁμομητρίῳ
761 3269 913 3362 ἀδελφεῷ
926 3269 1074 3340 Μιλτιά-

66 3379 118 3463 δη.
147 3368 229 3460 μετά
246 3373 339 3463 δὲ’τῆ
359 3371 482 3464 ὑστέρη
500 3370 697 3459 Ὀλυμπιάδι
714 3375 788 3460 τῆσι
804 3365 923 3458 αῦτῆσι
941 3371 1075 3437 ἵπποισι
