2378 3840
115 191 155 252 90
495 189 745 246 HERODOTl

113 353 175 440 τήν
185 350 297 438 ’Λσίην
307 349 507 437 Δημάρητος
521 351 575 414 καὶ
586 347 723 435 τοιαύτη
732 345 939 433 χρησάμενος
949 351 1042 438 τύχη,
1058 350 1113 418 άλ-

114 465 155 521 λα
165 479 201 521 τε
208 455 500 536 Λακεδαιμονίοισι
512 445 617 533 συχνά
626 454 754 534 ἔργοισί
762 472 798 514 τε
808 448 1021 537 καίγνεόμησι
1032 448 1117 519 άπο-

113 558 361 637 λαμπρυυθείς,
382 553 419 616 ἐν
437 549 473 617 δὲ
488 547 529 635 δή
547 550 602 616 καὶ
615 544 820 634 Ὀλυμπιάδα
840 567 901 632 σφι
916 544 1115 636 ἀνελόμενος

114 653 287 738 τεθρίππῳ
299 651 500 734 προσέβαλε,
518 652 644 733 μοῦνος
654 653 753 713 τοῦτο
768 645 906 713 πάντων
920 645 961 733 δή
976 652 1045 714 τῶν
1061 674 1118 733 γε-

114 748 266 832 νομένων
281 747 445 832 βασιλέωυ
459 747 496 812 έν
507 745 648 832 Σπάρτη
663 743 811 830 ποιήσας.

65 867 97 920 71
198 850 402 932 Λευτυχίδης
428 846 464 913 δὲ
487 842 504 912 ὁ
524 843 702 929 Μενάρεος
719 845 926 931 Δημαρήτου
946 874 1117 917 καταπαυ-

112 949 233 1023 θέντος
245 949 410 1024 διεδέξατο
421 942 483 1031 τήν
493 949 677 1032 βασιληίην.
699 949 758 1010 καί
766 946 800 1010 οί
807 948 934 1028 γίνεται
945 960 1022 1025 παῖς
1032 956 1118 1015 Ζευ-

113 1049 258 1130 ξίδημος,
272 1041 333 1110 τόν
344 1042 384 1129 δή
396 1050 568 1111 Κυνίσκου
579 1046 780 1128 μετεξέτεροι
791 1049 1029 1131 Σπαρτιητέων
1040 1048 1118 1114 έκά-

112 1151 200 1212 λεον.
217 1135 315 1221 οὗτος
329 1141 347 1209 ὁ
359 1146 560 1228 Ζευξίδημος
575 1137 638 1208 οὐκ
653 1143 844 1228 ἐβασίλευσε
855 1143 1030 1230 Σπάρτης·
1051 1141 1116 1230 πρὸ

114 1248 324 1328 Λευτυχίδεω
334 1239 399 1328 γάρ
411 1248 558 1328 τελευτᾷ,
570 1236 678 1308 λιπών
690 1242 791 1305 παῖδα
803 1236 1008 1326 Ἀρχίδημον.
1029 1250 1118 1309 Λευ-

114 1345 246 1427 τυχίδης
266 1344 303 1407 δὲ
323 1339 495 1424 στερηθεὶς
512 1336 720 1422 Ζευξιδήμου
736 1337 851 1420 γαμέει
872 1341 1033 1424 δευτέρην
1056 1365 1118 1424 γυ-

115 1454 213 1506 ναῖκα
228 1437 452 1523 Εὐρυδάμην,
468 1439 592 1503 έοῦσαν
606 1439 740 1500 Μενίου
754 1432 817 1518 μὲν
831 1430 1015 1520 άδελφεήν,
1031 1445 1120 1522 Δια-

114 1541 273 1621 κτορίδεω
288 1536 323 1602 δὲ
343 1537 533 1621 θυγατέρα,
555 1536 591 1601 έκ
607 1539 664 1618 τής
682 1536 716 1599 οί
728 1537 825 1615 ἔρσεν
841 1534 904 1618 μὲν
917 1539 1044 1618 γίνεται
1059 1533 1120 1602 οὐ·

115 1635 184 1719 δὲυ,
201 1631 356 1719 θυγάτηρ
371 1631 408 1700 δὲ
419 1637 590 1717 Λαμπιτώ,
605 1627 668 1717 τήν
678 1627 870 1717 ’Λρχίδημος
880 1628 897 1698 ὁ
909 1632 1119 1720 Ζευξιδήμου

60 1753 92 1807 72
113 1735 229 1821 γαμέει
244 1731 360 1808 δόντος
381 1728 471 1819 αὐτῷ
486 1733 704 1814 Λευτυχίδεω.
744 1725 796 1796 Οὐ
813 1730 875 1815 μέν
893 1727 971 1797 οὐδὲ
988 1739 1120 1798 Λευτυ-

113 1836 205 1918 χίδης
220 1829 384 1918 κατεγήρα
399 1832 435 1896 έν
446 1827 603 1915 Σπάρτη,
619 1824 703 1896 άλλά
715 1833 801 1894 τίσιν
812 1826 945 1914 τοιήνδε
956 1825 1033 1895 τινά
1045 1838 1120 1914 Δη-

113 1927 249 2019 μαρήτῳ
264 1929 400 2008 ἐξέτισε·
415 1923 635 2011 ἐστρατήγησε
641 1928 933 2010 Λακεδαιμονίοισι
945 1929 977 2004 ἐς
989 1935 1120 1994 Θεσσα-

113 2034 206 2114 λίην,
222 2024 349 2111 παρεόν
363 2027 403 2092 δέ
413 2030 448 2092 οί
460 2023 633 2109 ὑποχείρια
650 2022 758 2098 πάντα
773 2023 979 2110 ποιήσασθαι
994 2029 1120 2111 ἐδωρο·

114 2127 235 2213 δόκησε
247 2123 411 2210 άργόριον
427 2124 562 2192 πολλόν.
586 2121 639 2191 ἐπ’
652 2123 839 2211 αότοφάρφ
851 2127 886 2190 δὲ
901 2122 1004 2205 ἁλοὺς
1015 2126 1120 2194 αὐτοῦ

113 2229 153 2292 ε’ν
168 2229 213 2312 τῷ
229 2224 438 2312 στρατοπέδῳ
468 2223 706 2308 έπικατήμενος
715 2226 833 2307 χειρίδι
847 2226 930 2311 πλέη
941 2223 1119 2312 ἀργυρίου,

116 2329 221 2407 ἔφυγε
233 2321 270 2387 έκ
280 2318 439 2406 Σπάρτης
453 2316 518 2386 ὑπό
533 2320 748 2405 δικαστήριον
763 2317 934 2408 ὑπαχθείς,
951 2328 1005 2392 καλ
1016 2323 1058 2391 τά
1070 2331 1121 2392 ol-

115 2425 170 2486 κίοι
193 2421 226 2484 οί
241 2417 449 2502 κατεσκάφη·
472 2423 577 2502 έφυγε
601 2416 637 2482 δὲ
660 2420 692 2494 ἐς
711 2420 837 2503 Τεγέην
854 2420 908 2485 καλ
928 2422 1120 2508 ἐτελεύτησε

117 2519 154 2584 έν
167 2515 279 2602 ταύτη.

67 2630 100 2687 τε
201 2619 313 2678 Ταῦτα
334 2614 396 2698 μὲν
416 2611 456 2698 δή
472 2615 601 2697 ἐγένετο
618 2613 728 2705 χρόνῳ
744 2613 903 2702 ὕστερον,
926 2619 1001 2685 τότε
1023 2622 1060 2687 δὲ
1077 2618 1119 2698 ὡς

114 2719 160 2803 τῷ
178 2703 531 2797 Κλεομένειεόωδάδη
555 2708 591 2778 τό
614 2715 647 2790 ές
666 2711 726 2778 τδυ
747 2716 953 2802 Δημάρητον
972 2725 1119 2804 πρῆγμα,

115 2811 234 2882 αὐτίκα
248 2810 451 2898 παραλαβών
464 2816 671 2899 Λευτυχίδην
688 2811 740 2899 ήιε
761 2817 812 2881 ἐπὶ
833 2814 913 2894 τοός
928 2818 1119 2906 Αἰγινήτας,

116 2908 231 2978 δεινόν
245 2907 320 2975 τινά
335 2927 396 2993 σφι
414 2914 550 2993 ἔγκοτον
568 2909 622 2976 διὰ
644 2909 705 2976 τόν
725 2913 1003 3000 προπηλακισμόν
1025 2924 1117 3002 ἔχων.

116 3007 206 3075 οὕτω
230 3004 270 3091 δή
295 3005 372 3073 οὔτε
394 3011 428 3074 οέ
445 3014 621 3094 Λίγιυήται
644 3006 843 3096 ἀμφοτέρων
865 3021 933 3080 τῶν
954 3023 1119 3101 βασιλέων

116 3103 269 3192 ήκόντιον
289 3101 341 3170 ἐπ’
361 3102 483 3184 αὐτους
507 3109 675 3174 ἐδικαίευν
685 3114 732 3175 ἔτι
754 3107 976 3198 ἀντιβαίνειν,
1000 3117 1120 3183 ἐκεῖνοί

116 3228 152 3269 τε
168 3199 395 3287 ἐπιλεξάμενοι
408 3202 533 3291 ἄνδρας
551 3207 631 3272 δέκα
644 3212 852 3292 Αἰγινητέων
866 3208 945 3288 τούς
961 3220 1118 3282 πλείστου

116 3297 229 3378 άξίους
244 3302 298 3368 καλ
312 3301 445 3393 πλοάτφ
459 3305 513 3370 καὶ
524 3297 725 3390 γένειήγον,
745 3308 800 3372 καὶ
812 3304 934 3385 άλλους
944 3314 998 3376 καὶ
1012 3311 1054 3398 δή
1067 3315 1115 3379 καὶ

118 3397 224 3475 Κρῖόν
232 3424 268 3466 τε
278 3395 339 3466 τόν
348 3406 559 3483 Πολυκρίτου
571 3405 624 3468 καὶ
636 3403 821 3488 Κάσαμβον
834 3401 895 3471 τὸν
905 3401 1117 3492 Ἀριστοκρά·
1159 3446 1161 3463 .
