2378 3840
307 200 392 255 ΗΒ.
424 198 482 253 Vll.
516 197 614 254 ΟΑΡ.
648 201 823 261 121-127.
1010 200 1070 264 173

150 364 180 428 0
193 358 256 445 μέν
268 357 307 445 δή
320 352 478 433 ναυτικὰς
489 350 629 441 στρατός
640 351 746 422 αὐτοῦ
758 361 833 442 περὶ
845 356 954 440 Ἀξιὸν
967 387 1071 430 ποια·
1088 384 1136 436 ιιι

61 457 130 546 μδν
143 459 198 526 καὶ
213 455 314 525 πόλιν
325 456 461 541 Θέρμην
474 455 529 520 καὶ
543 450 603 531 τάς
616 450 739 538 μεταξὺ
755 455 851 534 πόλις
864 458 995 526 τούτων
1008 484 1069 528 πε-

59 559 210 644 ριμένων
225 556 361 644 βασιλέα
372 551 680 638 ἐστρατοπεδεύετο,
695 553 819 641 Ξέρξης
830 554 865 622 δέ
876 558 931 624 καί
943 554 960 624 ὁ
973 557 1069 639 πεζός
1135 566 1136 570 ’

59 650 202 742 στρατός
216 650 395 738 ἐπορεύετο
415 650 453 717 ἐκ
469 653 527 737 τής
544 645 715 717 Ἀκάνθου
730 648 794 737 τήν
808 653 993 741 μεσόγαιαν
1008 657 1068 724 τά·

59 778 158 840 μνωυ
178 758 236 840 τῆς
250 748 350 836 ὁδοῦ,
367 746 575 837 βουλόμενος
593 750 627 827 ἐς
643 745 706 835 τήν
721 752 855 837 Θέρμην
876 749 1065 822 ἀπικέσθαι.

60 852 240 938 ἐπορεύετο
252 852 288 920 δὲ
299 847 356 918 διὰ
366 856 424 936 τῆς
433 854 618 934 Παιονικῆς
628 850 684 916 καλ
694 856 931 939 Κρηστωνικῆς
942 855 994 922 ἐπὶ
1004 878 1068 922 πο-

61 947 169 1037 ταμόν
185 947 398 1035 Ἐχείδωρον,
419 943 456 1026 δς
472 949 508 1014 ἐκ
525 951 775 1033 Κρηστωναίων
796 945 980 1036 ἀρξάμενος
1000 953 1066 1038 ῥέει

62 1045 119 1116 διά
130 1049 330 1132 Μυγδονίης
342 1042 451 1132 χιόρης
461 1045 516 1112 καὶ
528 1046 604 1124 ἐξίει
615 1039 705 1131 παρά
716 1041 753 1112 τό
770 1045 843 1124 ἕλος
857 1043 895 1113 τὸ
908 1045 959 1114 ἐπ’
973 1045 1067 1140 Ἀξιρῖ

61 1151 209 1235 ποταμῷ.
242 1145 468 1235 Πορευομένρι
483 1145 520 1212 δὲ
538 1141 644 1231 ταότη
664 1144 794 1221 λέοντές
811 1146 845 1211 οί
860 1145 1068 1234 έπεθήκαωο
1085 1162 1135 1216 125

59 1251 137 1333 τῇσι
149 1242 357 1330 σιτοφόροισι
367 1242 553 1331 καμήλοισι.
570 1242 842 1327 καταφοιτέοντες
853 1240 917 1330 γάρ
929 1248 964 1312 οί
971 1247 1068 1312 λέον-

62 1369 116 1420 τες
127 1339 186 1419 τάς
196 1341 321 1420 νάκτας
331 1343 390 1410 καί
400 1347 570 1420 λείποντες
580 1338 621 1408 τὰ
633 1342 776 1427 σφέτερα
787 1338 875 1428 ήθεα
885 1340 990 1411 ἀλλον
1003 1344 1066 1428 μέν

59 1437 202 1518 οὐδενός
215 1437 360 1525 ἅπτοντο
378 1439 457 1509 οὔτε
469 1437 654 1526 ὑποζυγίου
670 1437 748 1506 οὔτε
762 1436 965 1527 ἀνθρώπου,
984 1444 1018 1508 οί
1029 1441 1066 1508 δέ

58 1536 119 1616 τάς
134 1537 303 1625 καμήλους
320 1539 489 1624 ἐκεράιζον
503 1537 641 1625 μούνας.
685 1535 831 1625 θωμάζω
846 1539 883 1605 δὲ
893 1535 930 1606 τό
946 1547 1064 1624 αίτιον,

56 1635 80 1701 ὅ
94 1661 125 1701 τι
141 1635 216 1703 κοτέ
229 1628 285 1722 ήν,
300 1642 368 1702 τῶν
379 1633 492 1704 ἀλλων
501 1632 538 1703 τό
552 1632 741 1720 ἀναγκάζον
752 1632 976 1722 ἀπεχομένους
987 1633 1066 1716 τούς

63 1733 197 1810 λέοντας
211 1741 285 1821 τῇσι
305 1732 483 1820 καμήλοισι
497 1734 725 1817 ἐπιτίθεσθαι,
746 1731 783 1800 τδ
799 1733 880 1820 μήτε
899 1732 1065 1820 πρότερον

56 1828 379 1917 όποέπεσανθηρίον
401 1828 482 1918 μήτε
501 1834 696 1916 πεπειρέατο
712 1827 826 1898 αὐτοῦ.
849 1828 1065 1900 Είσλδὲκατά
1086 1849 1134 1903 126

60 1935 164 1996 ταῦτα
177 1924 217 1994 τά
234 1933 338 2015 χωρία
353 1930 408 1995 καλ
424 1930 556 2007 λέοντες
569 1929 685 1995 πολλοὶ
700 1929 756 1997 καὶ
770 1925 847 2014 βόες
860 1926 982 2016 ἀγριοι,
997 1935 1066 1996 τόν

60 2029 99 2098 τά
123 2031 221 2116 κέρεα
241 2027 480 2117 ὑπερμεγάθεά
501 2032 569 2097 ἐστι
590 2025 631 2096 τά
652 2030 685 2107 ἐς
696 2025 858 2114 Ἕλληνας
878 2031 1063 2115 φοιτέοντα.

59 2121 161 2215 οὖρος
175 2129 212 2194 δὲ
227 2140 312 2195 τοῐσι
326 2129 442 2196 λέουσί
453 2129 521 2195 ἐστι
532 2125 598 2195 ὅτε
612 2123 658 2194 δι’
673 2123 845 2214 Ἀβδήρων
859 2129 946 2215 ῥέων
960 2152 1064 2195 ποτα-

58 2224 121 2309 μός
134 2225 261 2303 Νέστος
277 2226 332 2292 καλ
353 2222 433 2293 ὁδί
453 2223 671 2310 Ἀκαρνανίης
691 2227 778 2313 ῥέων
795 2221 960 2316 Ἀχελῷος.
986 2222 1064 2292 όότε

58 2323 122 2412 γάρ
138 2321 270 2411 τόκπρός
284 2322 346 2411 τήν
356 2321 406 2412 ήῶ
416 2332 478 2392 τοῦ
488 2328 622 2393 Νέστου
634 2322 802 2410 οὐδαμόθι
815 2323 923 2410 πάσης
933 2330 990 2410 τῆς
1005 2328 1064 2409 έμ-

57 2433 187 2510 προσθε
204 2421 371 2510 Εόριόπης
385 2428 452 2493 ίδοι
466 2450 515 2503 τις
529 2419 574 2492 ἀν
589 2424 719 2510 λέοντα,
735 2421 812 2492 οὔτε
823 2421 907 2509 πρὸς
924 2427 1063 2511 ἑσπέρης

54 2529 119 2591 τοῦ
129 2520 291 2612 Ἀχελῴου
308 2523 344 2588 έν
359 2528 399 2609 τῇ
413 2523 572 2611 ἐπιλοίπῳ
585 2518 727 2613 ήπείρρι,
744 2516 818 2589 ἀλλ’
835 2523 872 2586 έν
885 2528 925 2608 τῇ
939 2517 1062 2606 μεταξυ

56 2619 187 2688 τούτων
209 2626 276 2686 τῶν
298 2624 458 2704 ποταμῶν
479 2625 641 2704 γίνονται.
668 2615 727 2697 Ὡς
743 2617 778 2686 δέ
799 2619 833 2696 ές
851 2615 915 2704 τήν
928 2620 1064 2704 Θέρμην
1085 2635 1130 2691 ιιι

56 2716 192 2786 ἀπίκετο
203 2715 221 2784 ό
234 2718 367 2803 Ξέρξης,
381 2719 500 2802 ἵδρυσε
516 2714 621 2783 αὐτοῦ
635 2715 698 2801 τήν
713 2715 880 2804 στρατιήν.
901 2716 1015 2800 ἐπέσχε
1026 2713 1062 2782 δέ

56 2815 74 2884 ὁ
92 2812 230 2900 στρατός
241 2811 347 2882 αὐτοῦ
359 2813 703 2902 στρατοπεδευόμενος
713 2813 775 2901 τήν
785 2811 874 2899 παρά
884 2813 1061 2883 θάλασσαν

55 2916 169 3003 χάρην
189 2916 347 3001 τοσήνδε,
369 2912 554 3001 ἀρξάμενος
568 2912 634 2982 ἀπό
651 2917 782 3001 Θέρμης
799 2913 916 2993 πόλιος
930 2913 985 2980 καί
1004 2917 1062 2998 τῆς

59 3016 255 3099 Μυγδονίης
265 3017 360 3099 μέχρι
370 3011 502 3080 Λυδίεό
513 3038 549 3080 τε
559 3019 711 3099 ποταμοῦ
721 3014 777 3080 καί
785 3009 1013 3097 Ἀλιάκμονος,
1028 3015 1064 3077 οἳ

56 3110 224 3200 οὐρίζουσι
235 3117 299 3198 γῆν
311 3108 372 3197 τήν
381 3114 571 3180 Βοττιαιίδα
581 3136 617 3179 τε
627 3114 682 3179 καί
688 3112 916 3193 Μακεδονίδα,
930 3111 961 3186 ἐς
971 3104 1060 3175 τάν-

55 3207 91 3278 τό
115 3211 258 3296 ῥέεθρον
279 3207 316 3277 τό
338 3208 432 3297 ὕδωρ
456 3215 705 3297 συμμίσγοντες.
739 3205 1058 3292 ἐστρατοπεδεύοντο

54 3312 118 3396 μὲν
133 3306 174 3394 δή
190 3309 227 3375 έν
248 3308 396 3378 τοότοισι
413 3322 498 3378 τοῖσι
511 3313 661 3395 χωρίοισι
678 3311 711 3375 οί
728 3303 910 3392 βάρβαροι,
934 3309 1001 3372 τῶν
1023 3302 1060 3371 δὲ

57 3406 330 3489 καταλεχθέντων
342 3407 473 3475 τούτων
489 3411 648 3491 ποταμῶν
669 3406 705 3471 έκ
721 3405 958 3489 Κρηστωναίης
972 3402 1062 3488 ῥέων
