2378 3840
133 183 195 248 118
377 158 386 176 ⁸
512 186 764 244 κτοοοοτι

100 377 102 379 ·
133 343 344 431 ὑποζάκορον
354 350 422 429 τῶν
432 349 582 430 χθονίων
590 350 692 411 θεῶν.
705 343 831 431 ταύτην
838 346 1007 413 ἐλθοῦσαν
1014 346 1046 423 ἐς
1059 342 1139 424 ὄψιν

132 444 327 513 Μιλτιάδεω
337 449 589 531 συμβουλεῦσαί
596 447 638 530 οί,
649 448 679 511 εί
687 445 763 524 περὶ
774 449 901 510 πολλοῦ
912 444 1056 512 ποιέεται
1064 441 1140 509 Πά-

133 570 195 632 ρον
212 546 308 627 ἑλεῖν,
324 539 364 608 τά
381 537 424 608 άν
439 538 522 627 αὐτή
538 537 718 627 ὑπόθηται,
733 546 837 607 ταῦτα
852 541 987 608 ποιέειν.
1008 537 1089 626 μετά
1103 537 1140 605 δὲ

131 639 194 727 τήν
209 641 271 726 μὲν
287 637 491 725 ὑποθέσθαι,
506 637 568 707 τόν
578 644 615 706 δὲ
630 635 837 724 ἀπικόμενον
848 640 900 705 ἐπὶ
914 635 974 706 τόν
985 634 1140 707 κολωνόν

131 736 192 808 τόν
206 736 270 825 πρδ
291 745 350 824 τῆς
364 737 479 817 πόλιος
496 738 593 807 ἐόντα
613 734 649 805 τό
666 739 763 824 ἕρκος
783 735 1005 822 θεσμοφόρου
1018 736 1140 822 Δήμη-

130 863 209 924 προς
217 833 433 923 ὑπερθορεῖν,
442 832 484 904 οὑ
495 837 686 922 δυνάμενον
695 832 754 913 τάς
764 835 875 921 θήρας
886 830 1138 920 άνοῖξαι,ὑπερ-

131 934 282 1019 θορόντα
299 933 335 1001 δὲ
349 938 434 1002 ἰέναι
446 937 498 1002 ἐπὶ
514 932 552 1002 τό
568 938 715 1022 μέγαρον
729 929 822 1019 ὑτιδή
837 931 1021 1019 ποιήσοντα
1033 928 1138 1017 ἐντὸς,

132 1044 197 1102 είτε
214 1032 395 1120 κινήσοντά
410 1060 442 1101 τι
455 1041 523 1102 τῶν
538 1031 706 1122 άκινήτων
722 1043 788 1102 είτε
803 1029 975 1118 ὑτιδήκοτε
991 1032 1139 1119 πρήξον-

130 1155 186 1198 τα·
211 1129 296 1219 πρὸς
310 1140 384 1221 τήσι
398 1134 530 1224 θόρησί
540 1161 576 1203 τε
589 1137 759 1222 γενέσθαι,
777 1137 833 1202 καλ
851 1131 997 1222 πρόκατε
1018 1139 1139 1219 φρίκης

132 1227 237 1297 αὐτόν
253 1228 469 1319 ὑπελθούσης
483 1229 588 1300 ὀπίσω
603 1230 664 1319 τήν
678 1230 784 1320 αὑτήν
796 1228 878 1299 ὑδδν
888 1234 1001 1299 ἵεσθαι
1008 1279 1020 1317 ,κ
1035 1257 1137 1298 κατα·

130 1328 332 1412 θράσκοντα
348 1332 384 1399 δὲ
395 1328 456 1418 τήν
470 1327 630 1417 αίμασιήν
640 1327 701 1398 τόν
711 1327 820 1419 μηρδυ
832 1336 1034 1417 σπασθῆναι.
1058 1333 1093 1397 οί
1102 1332 1137 1396 δὲ

62 1444 112 1499 135
130 1423 235 1494 αὑτὸν
245 1424 282 1494 τό
294 1427 382 1512 γόνυ
394 1442 617 1515 προσπταῖσαι
628 1432 772 1515 λέγουσι.
797 1427 984 1513 Μιλτιάδης
994 1427 1058 1514 μέν
1071 1453 1138 1494 νυν

131 1524 291 1612 φλαύρως
298 1529 383 1610 ἔχων
394 1521 547 1593 άπέπλωε
559 1523 674 1612 ὀπίσω,
682 1524 759 1594 οὔτε
769 1527 918 1615 χρήματα
928 1523 1137 1614 Ἀθηναίοισι

130 1621 223 1709 άγων
243 1619 321 1690 οὔτε
336 1622 456 1708 Πάρον
476 1625 786 1712 προσκτησάμενος,
809 1622 894 1693 άλλά
914 1625 1137 1714 πολιορκήσας

131 1746 166 1787 τε
182 1723 214 1800 ἓξ
229 1721 284 1788 καί
300 1728 403 1788 είκοσι
417 1717 541 1808 ἡμέρας
559 1726 613 1791 καὶ
630 1723 773 1810 δηιάσας
787 1722 849 1810 τήν
864 1731 978 1811 νήσου.
1012 1725 1135 1810 Πάριοι

131 1819 167 1885 δὲ
181 1817 390 1905 πυθόμενοι,
413 1817 457 1898 ὡς
476 1818 497 1906 ή
513 1817 719 1909 ὑποζάκορος
739 1827 808 1889 τῶν
826 1828 920 1890 θεῶν
937 1818 1028 1908 Τιμοδ
1044 1828 1136 1888 Μιλ-

129 1913 227 2002 τιάδη
243 1915 470 2004 κατηγήσατο,
494 1919 699 2004 βουλόμενοι’
710 1944 770 2004 μιν
790 1917 863 1986 ἀντὶ
881 1917 1012 1985 τούτων
1032 1942 1135 2002 τιμω-

130 2011 299 2099 ρήσασθαι
314 2015 530 2102 θεοπρόπους
545 2020 712 2100 πέμπουσι
728 2018 760 2094 ἐς
774 2019 949 2100 Δελφούς,
973 2012 1017 2092 ὑς
1032 2033 1136 2099 σφεας

128 2108 247 2197 ἡσυχίη
261 2117 319 2195 τῆς
333 2117 525 2199 πολιορκίης
540 2117 623 2198 ἔσχε,
637 2117 785 2198 ἔπεμπον
796 2112 832 2179 δὲ
847 2113 1136 2208 ἐπειρησομένους,

129 2213 160 2276 εί
175 2208 437 2295 καταχρήσονται
456 2208 519 2297 τήν
532 2209 743 2296 ὑποζάκορον
763 2217 831 2279 τάν
844 2216 938 2279 θεῶν
959 2209 1003 2290 ὡς
1018 2214 1137 2297 ἐξηγη-

131 2307 279 2391 σαμένην
298 2320 384 2374 τοῖσι
405 2308 555 2396 ἐχθροῖσι
570 2316 629 2397 τῆς
649 2333 735 2396 πατρ
736 2312 806 2387 ίδος
826 2306 953 2378 ἅλωσιν
970 2311 1025 2378 καὶ
1041 2305 1081 2376 τά
1104 2310 1137 2386 ἐς

130 2404 301 2491 ἔρσενα
260 2432 365 2490 γονον
376 2404 504 2495 άρρητα
514 2406 569 2491 ίρά
582 2408 777 2496 έκφηνασαυ
783 2409 963 2498 Μιλτιαδη
979 2437 1001 2496 η
988 2407 1049 2477 δὲ
1060 2416 1136 2476 Πυ-

129 2510 189 2589 θίη
206 2498 268 2570 οὑκ
284 2509 336 2591 ἔα,
359 2511 451 2622 ράσα
468 2501 509 2574 οὑ
530 2512 658 2591 Τιμοῦν
681 2504 822 2574 εἶναι
786 2533 849 2627 τηρ
863 2513 973 2592 αίτίην
993 2508 1135 2604 τούτων

129 2595 213 2667 άλλα
230 2599 373 2667 δέειν
334 2627 399 2687 γαρ
416 2602 608 2689 Μιλτιάδην
622 2611 780 2672 τελευτᾶν
800 2603 845 2692 μή
863 2599 918 2688 εὑ,
941 2611 1123 2724 φαρήυαίο
1105 2571 1136 2672 οὑ

127 2700 197 2762 τῶν
212 2719 326 2762 κακων
340 2700 558 2784 κατηγεμόνα.
579 2706 736 2786 Παρίοισι
747 2700 809 2786 μὲν
820 2699 861 2788 δή
872 2708 976 2770 ταῦτα
986 2729 1008 2789 η
995 2699 1135 2788 ’Πυθίη

64 2809 112 2864 136
129 2798 263 2880 ἔχρησε,
275 2789 449 2891 Ἀθηναῖοι
462 2797 498 2863 δὲ
508 2797 544 2863 ἐκ
555 2796 675 2883 Πάρου
682 2798 1136 2888 Μιλτιάδηυάπονοστήσαν-

126 2918 167 2960 τα
184 2897 281 2976 ἔσχον
298 2891 335 2957 έν
350 2892 506 2980 στόμασι,
522 2898 557 2962 οἵ
568 2922 602 2963 τε
614 2894 708 2964 ἄλλοι
719 2900 775 2964 καὶ
784 2896 927 2984 μάλιστα
937 2899 1136 2978 Ξάνθιππος

131 2987 148 3057 ὑ
161 2987 369 3075 Ἀρίφρονος,
378 2985 414 3067 ός
426 2990 578 3059 θανάτου
589 2989 773 3078 ὑπαγαγὼν
783 2992 850 3062 ὑπό
858 2992 919 3062 τὺν
930 2999 1136 3082 δήμουΜιλ-

118 3084 248 3171 ’τιάδηυ
255 3088 370 3154 ἐδίωκε
381 3093 438 3174 τής
448 3085 637 3176 Ἀθηναίων
648 3087 775 3176 άπάτης
787 3093 924 3160 εἵνεκεν.
947 3092 1135 3180 Μιλτιάδης

130 3188 166 3256 δὲ
182 3182 283 3264 αὑτός
298 3187 361 3272 μὲν
375 3185 510 3276 παρεών
525 3183 588 3255 οὑκ
603 3186 799 3274 ἀπελογέετο
814 3182 874 3277 (ἦν
889 3186 954 3277 γάρ
969 3186 1136 3271 άδόνατος

130 3284 213 3354 ὥστε
227 3287 420 3372 σηπομένου
441 3293 502 3355 τοῦ
516 3290 660 3375 μηροῦ),
683 3289 907 3373 προκειμένου
923 3286 959 3353 δὲ
972 3282 1079 3357 αὑτοῦ
1099 3291 1136 3358 έν

128 3388 224 3474 κλίνη
244 3379 553 3474 ὑπεραπελογέοντὸ
574 3389 608 3453 οί
627 3391 735 3472 φίλοι,
759 3391 819 3471 τῆς
834 3385 938 3473 μάχης
958 3409 995 3452 τε
1015 3392 1075 3474 τῆς
1098 3391 1135 3457 έν
