2378 3840
49 139 99 197 Q

136 185 201 249 204
337 207 340 210 ’
516 189 769 248 HERODOTI

138 349 194 415 καὶ
208 347 314 435 μηδὲν
327 351 446 435 πλέον,
464 350 584 415 ἕνδεκα
596 347 760 435 μυριάδας
769 352 941 436 μεδίμνων
951 355 1153 441 τελεομένας

139 441 191 513 ἐπ’
207 441 314 534 ἡμέρη
329 445 467 534 ἑκάστη,
485 446 541 512 καὶ
551 441 637 532 πρὸς
646 450 858 532 τριηκοσίους
867 472 904 516 τε
917 446 1041 532 ἄλλους
1055 457 1151 540 μεδί-

139 569 246 631 μνους
261 544 317 610 καὶ
330 542 585 630 τεσσεράκοντα.
615 544 747 627 γυναιξὶ
762 541 799 610 δέ
813 545 869 611 καὶ
886 541 1080 633 εὐνούχοισι
1095 551 1150 619 καὶ

139 639 348 726 ὑποζυγίοισι
363 642 418 709 καλ
432 643 510 709 κυσί
525 635 568 708 οὐ
582 644 761 727 λογίζομαι.
788 636 938 728 Ἀνδράν
952 641 984 710 δ’
1002 647 1150 719 ἐουσέων

138 739 311 809 τοσούτων
324 739 519 827 μυριάδων,
544 737 685 816 κάλλεός
706 763 740 805 τε
762 740 891 806 εἵνεκεν
903 743 961 809 ’καλ
981 743 1150 828 μεγάθεος

140 834 250 915 οὐδεὶς
261 833 374 905 αὐτῶν
384 833 632 919 ἀξιονικότερος
642 828 687 922 ἦν
697 831 803 903 αὐτοῦ
809 841 937 925 Ξέρξεω
950 839 1037 925 ἔχειν
1048 848 1147 909 τοῦτο

139 961 176 1004 το
195 960 326 1023 κρατος.

72 1052 124 1108 188
217 1032 254 1105 ‘0
271 1035 307 1102 δέ
328 1032 368 1121 δὴ
385 1029 545 1111 ναυτικὸς
565 1031 704 1119 στρατός
731 1033 840 1099 ἐπείτε
866 1029 1028 1120 ὁρμηθεὶς
1042 1040 1150 1104 ἐπλωε

139 1136 195 1202 καί
212 1135 348 1218 κατέσχε
364 1138 423 1216 τῆς
436 1136 637 1217 Μαγνησίης
653 1128 762 1215 χάρης
780 1130 813 1206 ἐς
832 1126 894 1197 τόν
914 1131 1069 1218 αίγιαλδν
1089 1132 1149 1201 τόν

139 1228 262 1318 μεταξύ
271 1236 493 1317 Κασθαναίης
503 1254 539 1297 τε
548 1228 666 1307 1πόλιος
677 1226 842 1314 ἐόνταικαλ
851 1228 1025 1315 Σηπιάδος
1036 1227 1149 1317 άκτῆς,

139 1334 176 1397 αί
192 1331 256 1416 μέν
272 1325 313 1414 δὴ
329 1334 457 1413 πρῶται
471 1333 541 1394 τῶν
556 1332 644 1393 νεῶν
665 1322 798 1412 άρμεον
818 1322 903 1409 πρὸς
917 1332 977 1415 γῇ,
999 1325 1100 1396 άλλαι
1116 1326 1147 1394 δ’

138 1424 191 1497 ἐπ’
209 1429 355 1513 ἐκείνησι
370 1422 423 1494 ἐπ’
436 1423 629 1511 άγκυρέων·
652 1421 710 1490 άτε
720 1418 786 1507 γάρ
796 1428 858 1488 τοῦ
868 1428 1023 1507 αίγιαλοῦ
1035 1422 1149 1502 ἐόντος

137 1525 180 1595 οὐ
189 1526 340 1612 μεγάλου
350 1525 559 1612 πρόκροσσαι
572 1518 741 1608 ὁρμέοντο
749 1523 782 1599 ἐς
793 1519 920 1588 πόντον
930 1523 985 1590 καλ
996 1523 1050 1591 ἐπὶ
1061 1518 1145 1590 όκτδι

124 1626 224 1700 νέας.
248 1621 375 1709 ταύτην
390 1622 453 1710 μέν
466 1621 529 1712 τὴν
541 1620 715 1710 εὐφρόνην
731 1619 836 1708 οὕτω,
852 1619 922 1707 άμα
933 1623 970 1689 δέ
981 1619 1101 1716 όρδρφ
1116 1627 1147 1704 ἐξ

138 1727 274 1810 αδδρίης
287 1747 323 1789 τε
344 1725 399 1791 καὶ
419 1728 578 1809 νηνεμίης
596 1726 654 1806 τῆς
670 1719 845 1806 θαλάσσης
859 1715 996 1806 ζεσάσης
1012 1723 1150 1790 ἐπέπεσέ

138 1839 200 1906 σφι
213 1818 338 1907 χειμών
352 1847 389 1889 τε
405 1824 508 1908 μέγας
522 1821 577 1887 καὶ
592 1815 715 1898 πολλός
730 1815 852 1905 άνεμος
867 1814 1074 1907 άπηλιάτης,
1090 1817 1148 1888 τόν

139 1915 179 2004 δὴ
190 1915 451 2005 Ἑλλησποντίην
466 1920 624 1987 καλέουσι
639 1921 673 1984 οί
685 1918 761 2004 περὶ
770 1922 875 1984 ταῦτα
885 1913 926 1984 τά
935 1922 1042 2003 χωρία
1054 1924 1148 2004 οἰκη-

138 2019 243 2102 μένοι.
268 2014 342 2083 ὅσοι
356 2018 419 2103 μέν
432 2043 499 2084 νυν
513 2013 626 2083 αὐτῶν
641 2010 829 2102 αὐξόμενον
843 2020 973 2103 ἔμαθον
987 2012 1054 2085 ,τδν
1069 2013 1148 2086 άνε-

139 2138 221 2207 μον,
237 2115 292 2182 καλ
305 2127 391 2182 τοῖσι
405 2113 494 2182 οὐτω
510 2113 574 2201 εἶχε
589 2112 714 2202 όρμου,
737 2119 772 2183 οί
784 2111 816 2181 δ’
833 2120 989 2201 ἔφθησαν
1003 2114 1066 2185 τδν
1081 2143 1149 2204 χει·

138 2217 235 2297 μάνα
250 2207 504 2292 ἀνασπάσαντες
514 2210 573 2292 τάς
585 2216 679 2302 νέας,
694 2215 749 2282 καλ
763 2210 862 2284 αὐτοί
871 2239 907 2283 τε
917 2221 1085 2303 περιῆσαν
1096 2219 1149 2284 καλ

139 2313 175 2377 αί
189 2309 263 2389 νέες
276 2307 406 2379 αὐτῶν·
430 2310 512 2390 όσας
526 2311 562 2380 δὲ
576 2319 645 2380 τῶν
659 2318 748 2381 νεῶν
765 2318 943 2399 μεταρσίας
956 2317 1074 2402 ἔλαβε,
1091 2312 1150 2393 τάς
1167 2368 1169 2373 ,

138 2407 201 2493 μέν
217 2408 351 2494 ἐξέφερε
371 2406 456 2495 πρός
473 2406 605 2489 Ἰπνούς
624 2413 848 2496 καλεομένους
866 2407 947 2489 τούς
966 2412 1004 2478 ἐν
1020 2416 1148 2501 Πηλίφ,

138 2501 197 2583 τάς
212 2506 249 2572 δέ
266 2506 298 2583 ές
313 2502 374 2573 τόν
394 2507 558 2592 αίγιαλόν.
592 2510 629 2575 αί
643 2506 680 2575 δὲ
693 2510 769 2594 περὶ
790 2504 897 2593 αὐτὴν
912 2504 975 2594 τὴν
989 2507 1149 2594 Σηπιάδα

138 2607 373 2692 περιέπιπτον,
388 2610 425 2673 αί
434 2608 470 2674 δέ
486 2608 520 2686 ἐς
531 2613 722 2694 Μελίβοιαν
735 2607 847 2693 πόλιν,
864 2609 901 2673 αί
909 2603 946 2673 δὲ
960 2606 993 2684 ἐς
1004 2611 1149 2674 Κασθα-

138 2705 239 2786 ναίην
256 2703 506 2790 ἐξεβράσσοντο.
526 2698 572 2793 ἦν
589 2708 626 2775 δέ
638 2712 701 2775 τοῦ
716 2711 879 2793 χειμῶνος
890 2711 999 2792 χρῆμα
1015 2702 1148 2794 άφόρη-

71 2813 123 2870 189
139 2822 208 2866 τον.
231 2802 370 2885 Λέγεται
381 2804 418 2871 δέ
429 2802 544 2891 λόγος,
562 2801 607 2884 ὥς
617 2802 861 2891 Ἀθηναῖοιτδν
871 2807 1002 2892 Βορέην
1016 2806 1054 2872 έκ
1066 2814 1150 2872 θεο-

138 2905 286 2986 προπίου
300 2902 559 2991 ἐπεκαλέσαντο,
575 2905 736 2984 ἐλθόντος
750 2923 810 2990 σφι
826 2902 932 2973 ἄλλον
943 2910 1150 2994 χρηστηρίου

11 2995 14 3001 ’
138 2994 200 3064 τόν
213 2995 368 3085 γαμβρὸν
380 3003 561 3090 ἐπίκουρον
572 3004 787 3071 καλέσασθαι.
807 3004 934 3090 Βορέης
945 3002 982 3071 δέ
993 2999 1079 3071 κατὰ
1088 3001 1150 3071 τὸν

133 3093 303 3182 Ἑλλήνων
316 3094 421 3182 λόγον
434 3103 499 3185 έχει
521 3113 665 3186 γυναῖκα
684 3097 851 3188 Ἀττικήν,
869 3097 1067 3188 Ὠρείθυιαν
1087 3100 1150 3190 τὴν

133 3188 315 3279 Ἐρεχθέος.
335 3192 419 3263 κατά
437 3194 478 3284 δη
493 3195 530 3266 τδ
544 3203 645 3286 κῆδος
659 3205 758 3268 τοῦτο
773 3203 808 3268 οί
815 3196 1006 3286 Ἀθηναῖοι,
1021 3195 1068 3279 ὡς
1079 3199 1138 3286 φά-

137 3315 188 3367 τις
203 3287 370 3379 άρμηται,
391 3297 665 3383 συμβαλλόμενοί
683 3316 745 3383 σφι
766 3293 826 3366 τόν
840 3300 972 3384 Βορέην
993 3296 1150 3388 γαμβρὸν

129 3385 221 3454 εἶναι
224 3439 237 3475 ,
256 3392 496 3479 ναυλοχέοντες
512 3401 570 3482 τῆς
581 3395 729 3481 Εὐβοίης
743 3399 781 3464 ἐν
793 3401 936 3466 Χαλκίδι
953 3394 999 3478 ὡς
1016 3404 1150 3482 ἔμαθον
