2378 3840
335 193 421 250 LIB.
453 193 499 248 lx.
531 195 629 250 σΑΡ.
661 200 805 254 48-51.
1009 193 1072 257 ³1³

64 345 216 418 Ἀσωποῦ
230 349 318 418 οὕτω
333 347 373 436 τλῆ
387 351 439 417 ἐπὶ
449 351 511 434 τῆν
524 349 654 434 κρήνην
669 353 837 435 ἐφοίτεον·
859 351 924 421 αλπό
937 359 998 422 τού
1008 378 1071 422 πο-

66 453 175 531 ταμοῦ
188 446 253 534 γάρ
265 467 325 534 σφι
337 443 401 515 ούκ
413 450 490 532 ἐξῆν
501 443 594 532 ὕδωρ
610 449 793 533 φορέεσθαι
808 446 877 517 ύπό
890 477 925 518 τε
936 458 1004 518 τῶν
1015 455 1071 521 lw-

67 546 158 612 πέων
173 549 227 614 καὶ
241 545 462 631 τοξευμάτων.

155 643 285 712 Τούτου
315 641 352 710 δὲ
375 641 531 710 τοιούτου
552 645 735 728 γινομένου
761 647 795 711 oc
815 630 883 711 τόν
902 642 1113 732 Ἐλλῆνωυὸο

66 741 301 865 στρατημοί,“
279 768 336 810 ατε
351 749 413 809 τοῦ
428 768 465 809 τε
479 740 601 820 ύόατος
615 749 832 829 στερηθείσης
845 751 902 831 τῆς
916 753 1070 869 στρατιῆς
1142 820 1146 831 ,

65 838 148 908 καὶ
131 838 197 908 υπὸ
209 847 267 927 τῆς
277 843 383 907 ἵππου
393 843 650 927 ταρασσομένης,
657 845 909 929 συνελεχθησαν
919 843 1047 931 περλ’
1006 870 1067 913 αυ-

66 945 133 1006 των
146 963 182 1004 τε
195 936 325 1005 τούτων
336 941 391 1006 καὶ
402 936 524 1021 ἄλλων,
537 937 695 1017 ἐλθόντες
706 937 796 1025 παρὰ
807 946 1006 1028 Παυσανίην
1016 945 1071 1010 ἐπὶ

67 1032 102 1101 τὸ
115 1032 225 1114 δεξιόν
235 1034 342 1122 κέρας
359 1032 443 1103 ἄλλα
454 1032 519 1122 γὰρ
530 1034 661 1102 τούτων
671 1034 835 1103 τοιούτων
846 1037 973 1105 ἐόντων
983 1045 1068 1123 μᾶλ-

51 1126 126 1199 ’λόν
140 1150 244 1218 σφεας
259 1132 405 1201 ἐλύπεε·
417 1130 495 1199 ούτε
505 1130 570 1217 γὰρ
582 1138 670 1200 σιτία
682 1130 770 1217 είχου
782 1137 846 1220 ἔτι,
862 1160 894 1201 οι
882 1136 947 1201 ”τέ
953 1153 1068 1220 σφεων

68 1232 201 1354 όηέονες
215 1231 493 1320 ἀποπεμφθέντες
509 1237 541 1312 ές
551 1231 851 1319 Πελοπόννησον’
829 1259 873 1312 ως
890 1235 1069 1302 ἐπισιτιεύ-

66 1356 160 1405 αενοι
172 1328 427 1400 ιλποκειιλέατο’
409 1329 477 1399 υπὸ
491 1337 549 1417 τῆς
562 1333 679 1416 ἵππου,
696 1356 738 1398 ου
727 1326 936 1416 ’θεινόμεναι
950 1328 1068 1399 ἀπικέ-

65 1441 146 1498 σθαι
161 1432 194 1508 ἐς
207 1455 243 1497 το
232 1427 494 1517 στρατόπεδον.
514 1431 796 1515 Βουλευομένοισι
815 1428 852 1496 δὲ
866 1440 952 1495 τοῖσι
965 1448 1067 1514 στρα-
1076 1448 1108 1503 ⁶1

65 1541 190 1616 τηγοίσι
205 1525 361 1616 ’ἔδοξε,“
339 1556 383 1653 ην
397 1526 654 1653 ὑπερβάλωνται
670 1527 851 1616 έτιείνην
815 1554 877 1616 την
893 1525 1020 1617 ἡμέρην
1034 1532 1070 1596 οί

63 1631 190 1714 Πέρσαι
204 1627 378 1752 συμβολὴν
391 1627 437 1716 μῆ
452 1630 664 1728 ποιεύμενοι,
679 1627 761 1708 ἐς
725 1655 787 1716 την
805 1636 910 1716 νῆσον
927 1626 1062 1698 ίέναιῧ
1043 1656 1065 1718 η

64 1728 104 1794 δέ
118 1724 219 1794 ἐστι’
200 1724 265 1794 από
281 1734 343 1794 τοῦ
355 1725 505 1797 Ἀσωποῦ
515 1731 624 1796 καλ
584 1754 642 1814 της
653 1728 780 1816 κρῆνης
792 1736 850 1815 τῆς
860 1736 1066 1818 Γαργαφίης,

66 1821 115 1893 ἐπ’
132 1850 154 1912 η
140 1816 546 1908 ἐστρατοπεδευοντο
507 1851 598 1911 τοτε,
622 1829 701 1893 δέκα
716 1830 872 1906 σταδίους
885 1825 1064 1926 απέηουσα

65 1921 127 2009 πρὸ
138 1949 196 2009 της
202 1927 397 1992 Πλαταιέων
407 1925 531 2004 πόλιος.
550 1933 650 2011 νῆσος
662 1925 698 1994 δὲ
709 1923 798 1995 οὕτω
809 1952 853 1993 αν
865 1936 914 2013 είη
926 1930 963 1996 έν
972 1890 1068 2014 ῆπεί-

64 2048 126 2112 ρῳ·
155 2021 344 2108 σχιζόμενος
361 2021 380 2091 ὁ
400 2021 550 2111 ποταμὸς
565 2018 702 2093 ανωθεν
721 2028 758 2093 έιι
777 2051 839 2092 του
824 2031 1067 2113 Κιθαιρῶνος

61 2091 129 2207 §Za
146 2119 235 2188 κάτω
252 2119 332 2199 ές
298 2147 335 2188 το
353 2126 487 2207 πεδίον,
509 2121 662 2220 διέχων’
642 2147 689 2190 απ
695 2120 924 2210 ’ἀλλήλων
888 2148 927 2190 τα
943 2124 1068 2211 ῥέεθρα

60 2216 209 2302 ὅσονπερ
236 2225 310 2305 τρία
324 2220 462 2305 στάδια,
484 2222 539 2287 καλ
555 2227 684 2288 ἔπειτεν
697 2227 875 2341 συμμίσγει
896 2222 928 2298 ές
942 2218 1067 2288 τύυτό·

60 2315 190 2400 οὕνομα
206 2315 245 2382 ιλέ
256 2314 308 2384 oc'
304 2317 429 2405 Ωερόη.
452 2318 625 2407 θυγατέρα
640 2319 677 2386 ό
691 2318 816 2438 ταύτην
830 2319 965 2403 λέγουσι
982 2315 1068 2385 εἶναι

57 2410 209 2481 Ἀσωποῦ
224 2417 258 2481 oc
270 2414 451 2500 ἐπιχύριοι.
476 2417 509 2493 ές
522 2423 644 2483 τοῦτον
659 2414 748 2501 δὴ
715 2441 775 2483 του
785 2440 896 2500 χωρον
907 2417 1068 2536 έβουλτύ·

61 2530 162 2577 σαντο
174 2518 428 2598 μεταναστῆναι,
445 2515 502 2578 ινα
513 2516 568 2579 καὶ
580 2511 676 2579 ὕδατι
688 2517 784 2597 ἔχωσι
795 2519 942 2596 χρασθαι
952 2509 1059 2598 αφθό

60 2632 126 2699 νφ,
141 2609 195 2674 καλ
207 2610 241 2674 οί
252 2610 367 2687 ίππέες
381 2609 487 2694 σφέας
496 2634 542 2694 μη
531 2604 713 2691 σινοίατο,
730 2604 841 2692 ὥσπερ
853 2608 978 2676 αατιθύ
990 2609 1066 2677 έόν-

59 2730 136 2772 των.
158 2707 415 2789 μετακινέεσθαί
428 2731 463 2772 τε
480 2705 649 2772 έθόιιεε’
607 2730 700 2791 τοτε,
721 2702 877 2772 έπεάν
837 2732 895 2793 της
909 2698 1066 2797 νυιιτόςη

59 2805 197 2888 δευτέρη
212 2799 408 2889 φυλακῆ,’
385 2828 432 2880 ως
448 2828 492 2869 αν
509 2800 554 2889 μῆ
575 2807 644 2872 ίόοί
642 2827 701 2870 ατο
721 2806 757 2870 oc
770 2803 897 2890 Πέρσαι
911 2806 1059 2892 ἐξορμω-

58 2902 181 2986 μένους
194 2904 254 2966 καί
267 2919 372 2984 σφεας
386 2901 543 3004 ἑπόμενοι
558 2903 758 2992 ταράσσοιεν
771 2905 806 2969 οί
818 2900 963 2971 ίππόται.
987 2899 1067 2971 ι’πτι-

59 2999 211 3083 ιιομένων
228 2996 264 3064 δέ
278 2993 361 3075 ἐς
327 3022 387 3065 τον
400 3024 513 3087 χωρον
527 3007 664 3088 τοῦτον,
680 2997 741 3069 τόν
755 2996 827 3087 όῆῆ
839 2997 978 3080 Ἀσωπὶς
991 2997 1066 3068 Ὠε-

59 3093 122 3179 ρόη
142 3100 358 3179 περισχίζεται
378 3098 502 3184 ῥέουσα
521 3101 558 3168 ἐτι
576 3106 639 3167 τοῦ
659 3104 891 3186 Κιθαιρῶνος,
917 3095 983 3166 ὑπὸ
1003 3095 1065 3184 τῆν

59 3189 1064 3284 νύιιταταύτηνέἃότιεετούςὴμίσεαςόποστέλλειντουστρα·

58 3290 201 3357 τοπέόου
212 3287 295 3375 πρὸς
305 3288 365 3360 τόν
380 3300 589 3382 Κιθαιρῶνα,
606 3290 954 3381 ὥςιλυαλόβοιεντούς
964 3289 1064 3361 όπέο-

56 3412 118 3462 νας
138 3383 214 3465 τούς
234 3387 286 3454 ἐπὶ
300 3384 341 3454 τὰ
362 3397 449 3458 σιτία
465 3393 675 3479 οίηομένους·
705 3384 793 3478 ἦσαν
807 3389 873 3477 γὰρ
888 3395 926 3460 έν
936 3395 984 3470 τῷ
999 3394 1063 3456 Κι-
