2378 3840
305 210 391 266 Lm.
425 209 495 266 vm.
530 208 629 266 cAP.
661 213 711 268 11⁷
724 237 762 250 -·
777 214 836 268 ιω.
1013 203 1076 270 275

69 363 137 457 ὁδῷ
151 367 330 456 χρεόμενος
344 365 412 454 άμα
433 372 478 455 τῷ
495 363 584 455 άλλμ
601 373 728 456 στρατῷ
744 362 950 454 ἀπενόστησε
967 369 1000 445 ἐς
1014 363 1076 452 τὴν

71 473 186 554 Ασίην.
210 470 309 555 Μέγα
323 469 358 536 δὲ
369 469 425 535 καὶ
435 466 512 534 τόδε
523 465 726 554 μαρτύριον·
749 473 903 553 φαίνεται
913 465 979 555 γάρ
991 470 1074 554 Ξίρ-
1094 489 1142 541 ινο

69 571 126 654 ξης
142 567 180 634 έν
194 573 234 656 τῇ
250 563 356 635 ὀπίσω
370 569 491 654 κομιδῇ
506 561 709 651 ἀπικόμενος
724 562 921 654 έςἍβδηρα,
937 567 991 633 καὶ
1009 568 1075 644 ξει-

68 669 145 750 νίην
165 665 205 732 τί
217 686 277 751 σφι
301 666 508 750 συνθέμενος
528 664 584 730 καὶ
605 662 842 750 δωρησάμενος
857 659 980 740 αύτούς
1001 659 1075 728 ἀκι-

68 760 156 851 νάκη
166 789 201 830 τε
211 764 344 854 χρυσίω
357 764 412 830 καὶ
425 760 525 848 τίἠρη
536 761 765 850 χρυσοπάστῳ.
789 762 844 828 καὶ
856 757 900 838 ὡς
911 755 1005 827 αύτοὶ
1020 760 1075 826 λέ-

67 879 167 946 γουσι
179 857 378 948 Ἀβδηρῖται,
394 861 548 945 λέγοντες
562 863 673 946 ἔμοιγε
689 856 842 944 οὐδαμῶς
856 859 966 944 πιστά,
982 864 1075 944 προῦ-

68 983 128 1026 τον
146 954 286 1026 ἐλύσατο
301 955 364 1043 τὴν
380 957 487 1045 ζεόνην
505 957 644 1044 φεύγων
660 959 693 1038 ἐξ
705 954 876 1044 Ἀθηνέων
891 957 1013 1053 ὀπίσω,
1031 953 1075 1033 ὡς

69 1057 106 1123 έν
122 1052 216 1144 ἀδείη
233 1054 308 1123 ἐάν.
336 1053 376 1123 τά
398 1056 434 1124 δὲ
447 1054 599 1143 ’Ἄβδηρα
618 1058 752 1143 ἵδρυται
766 1053 850 1144 πρδς
864 1063 925 1124 τοῦ
937 1054 1075 1139 Ἑλλησ·

69 1152 197 1219 πόντου
211 1159 339 1239 μᾶλλον
353 1148 377 1240 ἢ
392 1160 453 1220 τοῦ
463 1153 664 1240 Στρυμόνος
679 1156 734 1222 καὶ
749 1160 806 1241 τῆς
824 1151 971 1238 Ἠιόνος,
989 1148 1074 1218 ὅθεν
1147 1190 1150 1196 ·

71 1251 112 1338 δή
126 1256 184 1336 μίν
200 1272 282 1338 φασι
297 1255 451 1341 ἐπιβῆναι
466 1255 519 1321 ἐπὶ
532 1251 594 1340 τὴν
608 1257 676 1322 νέα.
775 1272 786 1288 ’

156 1354 200 1418 Οί
212 1352 248 1417 δὲ
260 1348 418 1437 Ἕλληνες
441 1352 546 1418 ἐπείτε
569 1348 632 1420 οὐκ
650 1348 765 1420 οἷοίτε
780 1354 935 1439 ἐγένοντο
951 1356 1072 1432 ἐξελεῖν
1092 1366 1140 1420 ῖεῖ

68 1446 304 1537 τὴνἍνδρον,
328 1449 532 1536 τραπόμενοι
552 1452 585 1528 ἐς
599 1449 780 1538 Κάρυστον
801 1453 857 1518 καὶ
874 1450 1074 1536 δηῖάσαντες

69 1543 181 1614 αύτάν
203 1544 265 1633 την
284 1543 398 1635 χάρην
418 1544 672 1621 ἀπαλλάσσοντο
693 1552 726 1627 ές
743 1557 927 1635 Σαλαμῖνα.
959 1553 1073 1632 πρῶτα

68 1646 131 1728 μέν
146 1669 210 1710 νυν
225 1657 310 1711 τοῖσι
320 1653 431 1712 θεοῖσι
442 1649 567 1724 ἐξεῖλον
579 1642 759 1734 ἀκροθίνια
774 1645 857 1715 ἀλλα
868 1672 904 1715 τε
914 1648 969 1715 καὶ
979 1644 1073 1732 τριή-

70 1765 148 1826 ρεας
161 1752 247 1826 τρεῖς
263 1747 461 1827 Φοινίσσας,
475 1740 538 1828 τὴν
553 1744 616 1827 μὲν
633 1746 666 1822 ές
683 1741 818 1831 Ἰσθμὸν
836 1741 1073 1827 ἀναθεῖναι,ἥ-

70 1863 133 1924 περ
151 1843 198 1906 έτι
213 1842 267 1906 καὶ
284 1841 318 1918 ἐς
338 1839 394 1926 ἐμὲ
413 1833 474 1927 ἦν,
495 1839 557 1927 τὴν
577 1843 613 1909 δὲ
634 1844 687 1911 ἐπὶ
701 1843 868 1926 Σούνιον,
892 1840 955 1929 τὴν
976 1843 1011 1908 δὲ
1028 1846 1073 1927 τῷ

69 1944 190 2004 Αίαντι
213 1933 319 2003 αὐτοῦ
337 1940 370 2014 ἐς
384 1945 570 2024 Σαλαμῖνα.
603 1937 684 2026 μετά
700 1939 737 2007 δὲ
756 1946 856 2007 τοῦτο
877 1936 1072 2006 διεδάσαντο

68 2033 131 2121 τὴν
145 2040 243 2121 ληίην
259 2036 315 2102 καὶ
327 2032 367 2102 τά
382 2032 563 2123 ἀκροθίνια
578 2034 779 2125 ἀπέπεμψαν
793 2040 826 2117 ἐς
839 2036 1014 2125 Δελφούς,
1037 2035 1072 2100 ἐκ
1157 2044 1161 2049 ’

70 2140 136 2200 τῶν
151 2133 281 2218 ἐγένετο
297 2129 439 2217 ἀνδριάς
451 2139 535 2221 ἔχων
551 2137 588 2203 ἐν
605 2142 645 2225 τῇ
658 2138 742 2224 χειρὶ
758 2134 968 2224 ἀκρωτήριον
984 2135 1071 2218 νεός,

68 2229 134 2300 ἐάν
151 2233 299 2317 μέγαθος
315 2232 467 2301 δυόδεκα
484 2236 634 2322 πηχέων
656 2239 772 2325 ἔστηκε
788 2241 825 2305 δὲ
840 2230 939 2314 οὗτος
963 2238 1070 2321 τῇπερ

68 2328 86 2397 ὁ
105 2327 276 2397 Μακεδάν
287 2328 500 2419 ’Ἀλέξανδρος
515 2332 693 2421 ὁχρύσεος.
715 2338 911 2421 Πέμψαντες
923 2335 959 2400 δὲ
970 2329 1074 2415 ἀκρο·
1091 2344 1140 2397 m

68 2433 164 2494 θίνια
180 2428 376 2514 οίἝλληνες
392 2432 426 2508 ἐς
442 2429 601 2516 Δελφούς
615 2433 815 2519 ἐπειρώτεον
825 2429 886 2498 τόν
901 2427 988 2500 θεὸν
999 2455 1072 2497 κοι-

68 2531 127 2612 νῇ,
150 2530 180 2593 εί
191 2525 354 2612 λελάβηκε
368 2527 496 2613 πλήρεα
517 2530 572 2595 καί
586 2526 708 2613 ἀρεστά
725 2525 767 2595 τά
782 2527 970 2612 ἀκροθίνια.
999 2524 1018 2594 ὁ
1036 2528 1077 2609 δὲΙ

68 2618 148 2707 παρ’
168 2619 337 2708 Ἑλλήνων
352 2626 414 2710 μέν
427 2630 496 2691 τάν
509 2622 622 2693 ἀλλων
634 2617 740 2711 ’ἔφησε
754 2630 857 2711 ἔχειν,
878 2622 958 2710 παρ’
974 2628 1072 2710 Αἰνι-

68 2720 195 2804 νητέων
210 2720 246 2786 δὲ
264 2715 323 2808 ού,
341 2718 425 2790 ἀλλά
441 2721 575 2791 ἀπαίτεε
595 2720 720 2801 αύτούς
733 2719 774 2790 τά
791 2719 944 2811 ἀριστήῖα
961 2729 1019 2808 τῆς
1036 2723 1072 2788 έν

67 2825 235 2904 Σαλαμῖνι
249 2826 440 2906 ναυμαχίης.
463 2825 639 2907 Αάμινῆται
654 2820 691 2886 δὲ
700 2819 891 2906 πυθόμενοι
904 2817 1072 2888 ἀνέθεσαν

67 2913 205 3002 ἀστέρας
217 2917 395 3002 χρυσέους,
414 2923 449 2984 οἳ
459 2919 512 2985 ἐπὶ
526 2921 621 2986 ἱστοῦ
635 2921 777 3006 χαλκέου
792 2920 902 2986 ἑστᾶσι
916 2930 1005 3005 τρεῖς
1020 2919 1071 2984 ἐπὶ

67 3021 123 3100 τῆς
137 3023 277 3103 γωνίης,
293 3013 463 3102 ἀγχοτάτω
479 3023 541 3084 τοῦ
559 3023 709 3105 Κροίσου
723 3025 894 3104 κρητῆρος.
923 3014 1021 3082 Μετὰ
1037 3013 1072 3081 δὲ
1089 3024 1140 3079 12³

66 3111 128 3198 τὴν
140 3117 302 3202 διαίρεσιν
312 3121 370 3201 τῆς
378 3120 473 3202 ληίης
482 3121 612 3183 ἔπλωον
623 3113 860 3200 οίἝλληνεςὲς
868 3111 929 3180 τὸν
936 3108 1071 3198 Ἰσθμὸν

66 3208 219 3298 ἀριστήια
231 3213 395 3293 δάσοντες
405 3220 451 3303 τῷ
463 3210 631 3304 ἀξιωτάτῳ
642 3214 812 3303 γενομένω
821 3209 990 3298 Ἑλλήνων
1004 3206 1070 3276 ἀνά

66 3307 125 3377 τὸν
151 3307 300 3395 πόλεμον
322 3318 452 3380 τοῦτον.
493 3308 537 3388 ὡς
560 3314 597 3378 δὲ
619 3307 817 3396 ἀπικόμενοι
841 3314 875 3376 οί
895 3309 1071 3396 στρατηγοὶ

65 3412 257 3496 διενέμοντο
272 3406 331 3488 τάς
349 3410 484 3500 ψήφους
502 3412 555 3478 ἐπὶ
573 3406 635 3478 τοῦ
649 3413 879 3486 Ποσειδέωνος
888 3412 1078 3556 {3601ka
