2378 3840
327 157 422 258 m.
454 203 512 257 vn.
546 201 645 258 σου.
678 209 819 260 εο-εε.
1018 201 1077 264 137

77 358 195 426 'Am
208 359 381 446 νέμονται,
399 357 553 443 ὤρυσσον
569 357 605 423 δὲ
620 349 701 424 ύδε·
730 357 924 446 Δασόμενοι
938 362 998 430 τὸν
1012 372 1077 448 χῶ-
1092 382 1127 434 2³

75 482 140 541 ρον
154 460 190 524 οί
199 455 363 544 βάρβαροι
378 453 461 523 κατᾶ
477 462 589 540 ἐδνεα,
604 452 687 522 κατα
698 454 818 542 Σύνην
832 459 932 527 πόλιν
945 481 1078 546 σχοινο-

74 556 166 632 τενές
184 552 422 639 ποιησόμενοι,
445 549 558 638 ἐπειδή
573 555 703 637 ἐγένετο
724 559 833 640 βαθέα
847 553 867 642 ή
883 562 1023 645 διῶρυξ,
1046 564 1080 626 οί

74 652 137 737 μὲν
149 650 320 718 κατῶτατα
334 653 487 729 ἑστεῶτες
500 649 665 736 ὤρυσσον,
682 652 789 736 ἕτεροι
803 653 840 720 δέ
854 659 1078 737 παρεδίδοσαν

73 747 135 819 τόν
149 751 213 818 αίεδ
224 749 488 835 ἐξορυσσόμενον
498 755 582 834 χοῦν
593 745 723 816 όὶλλοισι
738 749 928 836 κατύπερθε
943 755 1077 820 ἑστεῶσι

73 849 128 915 ἐπὶ
141 847 293 934 βόδρων,
310 851 344 915 οί
353 845 384 912 δ’
398 840 443 913 αὖ
454 847 667 931 ἐκδεκόμενοι
678 848 827 936 ἑτέροισι,
843 852 905 929 ἕως
916 848 1076 918 ἀπίκοντο

73 947 107 1024 ἐς
120 942 199 1023 τούς
215 941 392 1011 ἀνωτάτω·
413 937 507 1011 ούτοι
522 944 559 1012 δέ
575 945 754 1031 ἐξεφόρεόν
768 972 803 1012 τε
821 951 876 1014 καί
889 950 1078 1035 ἐξέβαλλον.

75 1052 170 1112 Τοῖσι
185 1045 246 1128 μέν
260 1069 326 1109 νυν
340 1039 469 1109 ἄλλοισι
484 1039 572 1126 πλήν
582 1047 751 1110 Φοινίκων
765 1046 1076 1131 καταρρηγνύμενοι
1165 1096 1168 1116 2

71 1147 107 1212 οί
111 1145 253 1228 κρημνοὶ
259 1148 321 1209 τοῦ
330 1139 518 1226 ὀρύγματος
527 1139 636 1208 πόνον
646 1139 822 1227 διπλήσιον
832 1156 1006 1229 παρεῖχον·
1019 1141 1076 1210 ἅτε

70 1240 137 1327 γδρ
152 1246 213 1308 τοῦ
228 1264 263 1308 τε
279 1238 350 1307 ἅνω
371 1238 533 1326 στόματος
551 1239 607 1306 καλ
621 1244 682 1306 τού
702 1239 792 1307 κότω
813 1237 853 1306 τὰ
869 1237 953 1308 αύτᾶ
975 1243 1077 1326 μέτρα

70 1342 283 1424 ποιευμένων
297 1321 482 1599 §uxama
491 1342 623 1404 τοιοῦτο
636 1333 875 1423 ἀποβήσεσθαι.
899 1341 934 1406 οί
944 1339 980 1405 δὲ
993 1343 1076 1405 Φοί-

71 1461 162 1514 νικες
179 1441 302 1520 σοφίην
323 1439 342 1501 ἔ
424 1447 509 1502 τοῖσι
528 1430 658 1501 ἄλλοισι
673 1439 798 1520 ἔργοισι
818 1431 1075 1502 ἀποδείκνυνται

60 1535 127 1602 καί
140 1530 181 1619 δή
193 1535 248 1600 καὶ
258 1534 296 1600 ἐν
310 1535 383 1600 ἐκεί
402 1601 410 1622 a
435 1557 441 1570 ·
463 1528 685 1617 ἀπολαχόντες
695 1528 760 1619 γὰρ
771 1531 902 1618 μόριον,
917 1531 1000 1601 ὅσον
1011 1530 1075 1600 αύ-

70 1644 157 1699 τοϊσι
178 1632 352 1718 ἐπέβαλλε,
367 1629 546 1716 ὤρυσσον,
559 1622 603 1698 τό
627 1632 689 1715 μὲν
709 1628 780 1698 ὤνω
795 1629 900 1718 στόμα
920 1638 978 1721 τῆς
993 1631 1074 1700 διῶ-

71 1753 172 1815 ρνχος
178 1733 357 1819 ,ποιεῦντες
372 1727 548 1814 διπλήσιον
567 1723 589 1813 ή
611 1727 693 1796 ὅσον
708 1733 779 1796 ἔδεε
793 1727 900 1816 αύτήν
913 1729 976 1816 τήν
993 1730 1074 1798 διό-

72 1855 157 1915 ρυχα
167 1829 337 1914 γενέσθαι,
349 1828 638 1915 προβαίνοντοςδέ
649 1834 709 1895 τοῦ
721 1833 821 1914 ἔργον
832 1835 982 1915 συνῆγον
992 1834 1058 1897 αίεί
1065 1853 1073 1867 ·

71 1925 161 1994 κάτω
175 1924 211 1994 ’τε
226 1924 266 2011 δή
283 1927 407 2012 ἐγίνετο
429 1928 484 1993 καὶ
499 1921 647 2004 ἐξισούτο
662 1938 747 1992 τοίσι
763 1923 893 1994 ἄλλοισι
907 1922 943 1993 τό
963 1931 1071 2010 ἔργον.

71 2026 220 2091 ἐνθαῦτα
242 2019 282 2107 δή
301 2023 526 2117 λειμῶᾕστι,
547 2026 603 2090 ἵνα
619 2042 679 2110 σφι
699 2019 805 2111 ἀγορή
822 2049 857 2091 τε
878 2025 1004 2109 ἐγίνετο
1019 2027 1074 2090 καὶ

70 2119 271 2209 πρητήριον·
286 2134 375 2200 σίτος
386 2125 426 2190 δέ
432 2142 493 2209 σφι
503 2119 626 2200 πολλός
638 2125 752 2207 ἐφοίτα
759 2124 796 2189 ἐκ
806 2129 864 2207 τῆς
873 2120 980 2209 Ἀσίης
990 2119 1074 2207 ύλη·

70 2221 236 2306 λεσμένος.
263 2215 322 2296 Ὡς
339 2218 401 2304 μὲν
414 2220 471 2305 ἐμὲ
482 2217 759 2305 συμβαλλόμενον
775 2215 952 2304 εὑρίσκειν,
968 2243 1072 2305 μεγα-
1087 2224 1121 2278 2⁴

70 2317 285 2405 λοφροσύνης
297 2319 425 2383 εἵνεκεν
435 2312 517 2383 αύτδ
529 2317 651 2401 Ξέρξης
665 2312 824 2402 ὀρύσσειν
839 2317 980 2399 ἐκέλευε,
995 2314 1072 2383 ἐδό-
1154 2311 1156 2317 ’

70 2424 141 2484 λων
148 2439 184 2481 τε
194 2410 339 2499 δύναμιν
346 2411 613 2482 ἀποδείκνυσθαι
624 2416 679 2482 καὶ
687 2412 886 2500 μνημόσυνα
898 2415 1073 2481 λιπέσθαι·

70 2507 197 2598 παρεόν
209 2508 273 2596 γὰρ
284 2512 412 2596 μηδένα
422 2510 531 2578 πόνον
544 2510 708 2597 λαβόντας
717 2508 777 2576 τόν
792 2507 917 2597 ίσδμὸν
927 2507 986 2589 τὰς
996 2510 1074 2587 νέας

70 2607 248 2695 διειρύσαι,
264 2605 423 2693 ὀρύσσειν
437 2610 568 2676 ἐκέλευε
582 2609 730 2695 διῶρυχα
743 2616 783 2698 τῇ
792 2610 958 2698 θαλάσση,
975 2604 1073 2695 εὖρος

69 2705 115 2786 ὤς
135 2705 197 2774 δύο
219 2703 371 2792 τριήρεας
387 2704 512 2774 πλῶειν
531 2703 618 2791 ὁμοῦ
635 2709 903 2793 ἐλαστρεομένας.
932 2722 1018 2777 τοίσι
1035 2709 1072 2775 δέ

68 2802 199 2873 αύτοτσι
213 2803 372 2890 τούτοισι,
394 2808 545 2890 τοίσίπερ
561 2805 616 2872 καὶ
626 2802 662 2871 τδ
675 2803 818 2893 όρυγμα,
833 2806 1071 2892 προσετέτακτο

67 2905 124 2971 καὶ
137 2897 198 2968 τόν
209 2901 392 2987 Στρυμόνα
405 2899 556 2987 ποταμόν
567 2901 742 2981 ζεύξαντας
752 2912 955 2990 γεφνρῶσαι.
980 2910 1071 2970 Ταύ·
1084 2917 1119 2971 2⁵

67 3025 108 3067 τα
122 2999 185 3083 μέν
199 3023 265 3065 νυν
285 2997 374 3065 οὕτω
389 3001 514 3084 ἐποίεε,
533 3000 795 3085 παρεσκευάζετο
812 3002 848 3069 δέ
863 3003 918 3068 καὶ
935 2999 1021 3067 ὅπλα
1038 3002 1071 3077 ἐς

67 3092 127 3173 τὰς
143 3093 294 3180 γεφύρας
307 3094 454 3182 βύβλινά
466 3121 502 3163 τε
517 3099 572 3162 καὶ
586 3103 802 3184 λευκολίνου,
823 3097 974 3178 ἐπιτάξας
989 3103 1072 3165 Φοί·

64 3196 137 3274 νιξί
149 3196 254 3261 τεκαὶ
268 3200 498 3281 Αἰγυπτίοισι,
520 3197 576 3261 καὶ
591 3201 677 3262 σιτία
691 3201 732 3284 τῇ
752 3202 887 3284 στρατιή
904 3194 1068 3282 καταβύλ·

65 3300 150 3378 λειν,
166 3292 223 3358 ἵνα
236 3288 281 3378 μή
296 3292 446 3380 λιμήνειε
460 3289 481 3379 ή
496 3289 630 3378 στρατιή
647 3293 730 3379 μηδὲ
741 3288 781 3360 τό
795 3289 959 3377 ὑποζύγια
970 3295 1070 3360 ἐλαν-

65 3387 193 3474 νόμενα
208 3390 261 3456 ἐπὶ
275 3387 337 3476 τήν
345 3390 495 3460 Ἐλλάδα.
520 3387 780 3476 ἀναπυθόμενος
797 3390 833 3458 δέ
848 3387 927 3467 τούς
940 3388 1070 3474 χῶρονς
