2378 3840
139 189 199 254 142
510 189 764 248 HERODOTI

137 350 272 420 Πόντου
284 357 354 430 ἐξω.
367 354 471 416 ταῦτα
481 347 517 416 δέ
524 346 722 433 ποιήσαντες
733 349 923 414 κατέτεινον
930 348 966 414 ἐκ
978 354 1039 431 γῆς
1049 367 1148 433 στρε-

138 454 297 537 βλοῦντες
312 443 420 514 ὄνοισι
432 450 597 526 ξυλίνοισι·
607 440 648 510 τὰ
659 440 757 527 ὅπλα,
773 441 884 511 ούκέτι
894 446 993 529 χωρὶς
1008 442 1149 527 ἑκάτερα

138 547 310 630 τάξαντες,
327 542 411 612 ἀλλὰ
427 543 490 611 δύο
504 542 566 630 μέν
576 548 776 610 λευκολίνου
787 543 970 629 δασάμενοι
985 545 1018 620 ἐς
1033 544 1148 610 ἐκατέ-

139 668 219 730 ρην,
235 642 373 725 τέσσερα
389 639 425 707 δὲ
440 645 507 707 ταῖν
523 644 705 735 βυβλίνων.
728 639 875 724 παχύτης
890 641 952 723 μὲν
965 630 1045 727 ήνή
1062 634 1147 723 αύτή

93 740 96 745 ’
140 743 195 809 καὶ
210 737 373 824 καλλονή,
395 735 478 805 κατὰ
499 735 603 821 λόγον
618 738 655 804 δὲ
667 729 712 822 ήν
731 738 971 825 ἐμβριθέστερα
986 733 1028 802 τό
1042 741 1148 821 λίνεα,

141 845 201 907 τοῦ
215 838 381 905 τάλαντον
396 833 531 922 δπήχνς
543 829 639 920 εἷλκε.
663 831 774 918 ἐπειδή
787 834 823 902 δὲ
833 833 1038 922 ἐγεφυρώθη
1053 831 1070 900 ὁ
1083 831 1148 899 πό-

141 962 208 1023 ρος,
224 933 371 1023 κορμούς
384 934 494 1015 ξύλων
505 938 766 1020 καταπρίσαντες
777 932 832 999 καὶ
843 931 1041 1018 ποιήσαντες
1053 939 1148 1006 ίσονς

141 1043 198 1122 τῆς
212 1040 342 1122 σχεδίης
361 1041 407 1124 τῷ
423 1034 517 1123 εὔρει
528 1035 642 1126 αόσμφ
658 1036 856 1102 ἐπετίθεσαν
869 1034 1062 1121 κατύπερθε
1079 1041 1148 1101 τῶν

141 1136 257 1206 ὅπλων
270 1144 331 1203 τοῦ
348 1136 467 1222 τόνου,
482 1139 600 1214 θέντες
616 1135 652 1203 δέ
668 1137 781 1220 ἐπεξῆς
796 1135 945 1202 ἐνθαῦτα
962 1126 1057 1213 αὖτις
1071 1137 1147 1201 ἐπε-

142 1236 313 1322 ζεύγνυον.
330 1233 528 1321 ποιήσαντες
539 1233 689 1301 δέταύτα
699 1230 786 1318 ύληυ
797 1229 1020 1320 ἐπεφόρησαν,
1033 1231 1147 1319 κόσμῳ

141 1337 177 1402 δέ
192 1336 310 1410 θέντες
326 1335 380 1399 καὶ
395 1329 457 1417 τήν
471 1329 558 1423 ύλην
574 1335 639 1417 γῆν
653 1327 882 1416 ἐπεφόρησαν,
903 1328 1147 1409 κατανάξαντες

141 1436 177 1498 δὲ
188 1431 243 1497 καὶ
250 1424 311 1515 τήν
321 1433 385 1514 γῆν
397 1425 554 1514 φραγμὸν
565 1432 774 1513 παρείρυσαν
785 1431 888 1494 ἐνθεν
898 1427 953 1494 καὶ
965 1431 1079 1511 ἐνθεν,
1090 1428 1146 1490 ἵνα

140 1529 184 1612 μή
198 1527 358 1611 φοβέηται
372 1521 413 1590 τὰ
425 1520 589 1609 ὑποζύγια
601 1519 844 1608 τήνθύλασσαν
853 1518 1082 1611 ύπερορέοντα
1093 1525 1146 1591 καὶ

95 1635 125 1690 λλ
143 1627 174 1691 vl
187 1624 294 1688 ἵπποι.
323 1618 381 1699 Ὡς
396 1621 432 1688 δέ
452 1619 493 1687 τύ
507 1646 542 1687 τε
557 1625 626 1687 τῶν
640 1622 817 1707 γεφυρέων
834 1619 1076 1688 κατεσκεύαστο
1093 1621 1144 1687 καὶ

141 1717 180 1787 τό
198 1719 273 1804 περί
288 1715 480 1805 τόυἍθων,
498 1721 532 1785 οἳ
543 1744 579 1785 τε
588 1719 683 1803 χυτοὶ
696 1720 771 1805 περὶ
781 1715 821 1784 τό
837 1718 982 1806 στόματα
993 1725 1051 1806 τῆς
1065 1718 1146 1786 διαέ-

141 1843 251 1904 ρυχυς,
267 1822 367 1903 ολτής
377 1818 490 1904 ῥηχίης
505 1818 633 1883 εἵνεκεν
644 1816 862 1902 ἐποιήθησαν,
874 1814 986 1903 ἵναμή
999 1817 1145 1902 πιμπλή-

142 1943 193 1984 ται
210 1913 250 1984 τὰ
266 1915 410 2002 στόματα
425 1921 487 1984 τού
503 1913 702 2003 ὀρύγματος,
717 1914 869 2003 καὶάύτή
884 1915 905 2005 ή
921 1921 1045 2005 διῶρυξ
1059 1940 1145 1983 παν-

140 2015 258 2089 τελέως
274 2014 480 2098 πεποιημένη
496 2009 684 2098 ήγγέλλετο,
702 2014 851 2080 ἐνθαύτα
864 2019 1061 2100 χειμερίσας,
1079 2012 1145 2098 ἅμα

141 2116 186 2198 τῷ
203 2113 275 2195 ἔαρι
286 2110 596 2196 παρεσκευασμένος
608 2107 625 2176 ὁ
638 2106 778 2195 στρατός
787 2113 823 2176 ἐκ
835 2115 1068 2198 τῶνΣαρδίων
1080 2109 1145 2199 ὡρ-

141 2212 224 2292 μᾶτο
237 2205 540 2293 ἐλέωνέςἍβυδον.
560 2202 744 2297 ὡρμημένῳ
762 2210 802 2275 δέ
815 2211 850 2276 αι’
863 2205 880 2275 ὁ
893 2207 985 2296 ήλιος
1001 2207 1145 2278 ἐκλιπόν

140 2303 203 2392 τήν
217 2307 253 2372 ἐκ
271 2308 332 2370 τοῦ
353 2300 503 2391 ούρανοῦ
519 2306 621 2392 ἕδρην
642 2301 775 2391 ἀφανὴς
789 2297 833 2392 ἦν
848 2304 920 2374 οὔτ’
940 2310 1144 2394 ἐπινεφέλων

142 2402 267 2471 ἐόντων
279 2407 413 2490 αδθρίης
425 2427 461 2471 τε
474 2400 515 2471 τὰ
532 2400 691 2489 μάλιστα,
713 2400 785 2469 ἀντ’
805 2400 928 2492 ἡμέρης
948 2430 983 2472 τε
997 2402 1060 2484 νύξ
1076 2407 1144 2491 ἐγέ-

142 2527 227 2569 νετο.
244 2499 349 2569 ίδόντι
362 2500 399 2568 δέ
410 2503 465 2569 καί
476 2500 622 2588 μαθόντι
633 2505 731 2567 τοῦτο
743 2506 789 2589 τῷ
799 2503 903 2590 ,Ξέρξη
914 2502 1064 2588 ἐπιμελές
1076 2501 1144 2587 ἐγέ-

142 2628 234 2687 νετο,
258 2602 313 2668 καὶ
329 2609 433 2687 είρετο
451 2597 530 2679 τούς
544 2599 689 2687 μύγονς,
712 2596 748 2666 τό
767 2601 876 2668 ἐθέλοι
890 2607 1092 2688 προφαίνειν
1108 2597 1142 2667 τό

143 2701 267 2785 φάσμα.
297 2703 330 2766 οί
343 2698 379 2765 δέ
396 2703 557 2784 ἔφραζον,
583 2694 628 2775 ὡς
642 2695 777 2783 Ἕλλησι
797 2697 1011 2785 προδεικνύει
1032 2695 1143 2774 ὁθεός

143 2803 290 2876 ἔκλειψιν
301 2801 369 2861 τῶν
380 2799 516 2881 πολίων,
523 2794 675 2879 λέγοντες
685 2791 782 2879 ἥλιον
793 2792 1052 2883 εἶναιἙλλήνων
1062 2820 1144 2878 προ·

142 2896 297 2978 δέκτορα,
312 2888 457 2978 σελήνην
469 2891 505 2958 δέ
516 2891 639 2976 σφέων.
662 2889 856 2977 πυθόμενος
867 2891 1018 2961 δὲταῦτα
1034 2891 1144 2974 6339-

93 3007 127 3062 τε
144 2995 201 3078 ξης
215 2985 393 3076 περιχαρής
407 2986 472 3056 ἐοδν
487 2990 631 3056 ἐποιέετο
646 2985 708 3073 τήν
723 2993 845 3056 ἐλασιν.
870 2986 929 3068 Ὡς
940 2986 973 3057 δ’
987 2989 1144 3078 ἐξήλαυνε

140 3085 202 3172 τήν
217 3087 392 3173 στρατιήν,
407 3087 541 3165 Πύθιος
555 3083 572 3153 ὁ
585 3083 698 3164 Λυδός
711 3086 969 3174 καταρρωδήσας
983 3084 1020 3154 τό
1036 3088 1073 3154 ἐκ
1088 3092 1145 3152 τοῦ

142 3183 292 3269 οὐρανοῦ
303 3185 420 3271 φάσμα
432 3187 608 3269 ἐπαερθείς
621 3208 657 3250 τε
671 3198 757 3253 τοῖσι
771 3183 943 3272 δωρήμασι
954 3181 1069 3251 ἐλθὸν
1083 3206 1146 3250 πα·

142 3278 185 3365 ρά
199 3281 321 3367 Ξέρξεα
336 3287 428 3369 ἔλεγε
442 3282 537 3350 τάδε·
556 3273 595 3348 Ὦ
611 3285 769 3369 δέσποτα,
785 3289 922 3370 χρηίσας
936 3281 980 3350 ἄν
993 3308 1053 3350 τευ
1064 3287 1145 3370 βον-

143 3386 261 3468 λοίμην
277 3395 405 3469 τυχεῖν,
423 3379 460 3450 τδ
476 3382 528 3449 σοί
539 3379 598 3466 μὲν
613 3379 761 3469 ἐλαφρόν
773 3381 929 3467 τυγχάνει
944 3377 1002 3449 ἐδυ
1016 3376 1148 3463 ύπουρ-
