2378 3840
146 159 207 222 144
520 160 771 217 HERODOTI

143 320 310 404 κριμένοι·
332 322 371 406 τῇ
384 316 420 384 δὲ
431 312 647 402 ὑπερημίσεες
658 309 755 402 ἦσαν,
770 318 918 385 ἐνθαῦτα
933 320 1144 401 διελέλειπτο,

142 416 198 482 καὶ
210 411 251 480 οὐ
265 420 466 499 συνέμισγον
481 406 573 480 οὗτοι
584 415 721 498 βασιλέι.
743 421 950 500 προηγεῦντο
962 415 1025 503 μέν
1036 411 1076 500 δὴ
1089 417 1145 480 ίπ-

141 511 242 582 πόται
261 517 360 596 χίλιοι
381 513 417 580 ἐκ
430 513 589 598 Περσέων
608 512 746 578 πάντων
766 509 1040 598 ἀπολελεγμένοι,
1062 506 1144 597 μετά

143 609 181 681 δὲ
198 609 396 698 αἰχμοφόροι
408 617 523 696 χίλιοι,
539 612 594 677 καλ
609 603 702 678 οὗτοι
719 614 756 679 ἐκ
770 611 908 685 πάντων
922 609 1145 696 ἀπολελεγμέ-

144 736 214 795 νοι,
231 706 289 786 τάς
303 707 421 794 λόγχας
434 707 524 776 κάτω
536 711 569 786 ές
583 704 644 794 τὴν
658 714 723 793 γῆν
734 715 923 795 τρέψαντες,
937 706 1019 794 μετά
1032 711 1067 774 δέ
1078 710 1142 793 ίροὶ

142 814 278 874 Νισαῖοι
296 806 493 891 καλεόμενοι
513 809 609 873 ἵπποι
627 807 722 894 δέκα,
744 806 988 890 κεκοσμημένοι
1003 801 1046 882 ὡς
1061 803 1143 872 κάλ-

141 913 244 973 λιστα.
266 911 402 972 Νισαῖοι
415 904 450 971 δὲ
461 905 633 970 καλέονται
644 906 739 968 ἵπποι
751 905 803 969 ἐπὶ
814 905 927 969 τοῦδε·
948 907 1016 970 ἔστι
1027 907 1143 971 πεδίον

140 1002 226 1087 μέγα
240 1005 296 1086 τῆς
304 1005 474 1087 Μηδικῆς,
492 1005 538 1089 τῷ
550 997 681 1085 οὔνομά
696 1001 763 1066 ἐστι
774 1005 927 1067 Νίσαιον.
951 999 1029 1078 τούς
1042 992 1090 1068 ἀν
1101 997 1141 1084 δη

141 1103 264 1177 ἵππους
279 1097 357 1178 τοὺς
370 1099 536 1185 μεγάλους
550 1098 644 1183 φέρει
658 1095 695 1166 τό
707 1101 824 1165 πεδιόν
838 1104 946 1167 τοῦτο.
969 1098 1092 1166 ὄπισθε
1107 1098 1142 1162 δέ

141 1196 270 1277 τούτων
286 1203 353 1264 τεόν
371 1199 449 1264 δέκα
462 1199 575 1264 ἵππων
588 1195 677 1283 ἀρμα
691 1193 776 1274 Διός
790 1195 867 1283 ίρδν
881 1199 1089 1282 ἐπετέτακτο,
1104 1194 1139 1264 τό

140 1300 236 1364 ἵπποι
250 1297 311 1381 μὲν
326 1292 438 1364 εἷλκον
451 1299 564 1365 λευκοί
579 1294 682 1382 όκτω,
701 1294 823 1363 ὄπισθε
838 1297 875 1364 δὲ
891 1303 959 1363 τῶν
968 1300 1081 1363 ἵππων
1093 1299 1141 1362 εἵ-

140 1420 220 1462 πετο
235 1399 314 1483 πεζῇ
327 1389 459 1480 ἡνίοχος
474 1393 629 1480 ἐχόμενος
639 1400 707 1462 τῶν
716 1401 879 1480 χαλινῶν·
899 1394 1008 1473 οὐδεὶς
1021 1393 1086 1482 γάρ
1099 1390 1138 1477 δὴ

141 1495 193 1560 ἐπὶ
209 1497 329 1557 τοῦτον
342 1488 402 1558 τόν
412 1489 544 1575 θρόνον
554 1488 749 1576 ἀνθρώπων
766 1489 947 1578 ἀναβαίνει.
968 1491 1092 1561 τούτου
1104 1491 1140 1556 δὲ

139 1589 260 1657 ὄπισθε
270 1585 498 1675 αάτδςΞέρξης
509 1585 562 1655 ἐπ’
575 1586 719 1673 ἅρματος
729 1591 1016 1656 ἵππωνΝισαίων·
1031 1613 1139 1672 παρα-

138 1685 277 1774 βεβήκεε
291 1689 330 1773 δέ
342 1690 376 1753 οἵ
387 1683 529 1773 ἡνίοχος,
545 1691 590 1775 τῷ
603 1682 731 1771 οὕνομα
742 1678 786 1772 ἦν
798 1684 1031 1772 Πατιράμφης,
1045 1682 1138 1753 ’0τά-

139 1811 204 1852 νεω
219 1797 295 1862 παῖς
309 1775 432 1872 ἀνδρὸς
444 1785 590 1867 Πέρσεω,

91 1897 124 1948 ss
221 1879 373 1968 Ἐξήλασε
393 1881 455 1967 μέν
472 1879 560 1947 οὕτω
581 1881 617 1946 έκ
634 1885 792 1966 Σαρδίων
805 1883 943 1968 Ξέρξης,
965 1887 1139 1967 μετεκβαί-

140 2001 236 2048 νεσκε
254 1979 306 2065 δέ,
322 1977 406 2056 ὅπως
419 2004 479 2062 μιν
491 1975 591 2062 λόγος
605 1979 725 2063 αίρέοι,
743 1979 779 2045 έκ
794 1984 854 2045 τοῦ
868 1977 1014 2066 ἅρματος
1028 1981 1061 2057 ές
1078 1975 1139 2063 ἀρ-

138 2075 301 2163 μάμαξαν.
323 2071 428 2142 αὐτοῦ
443 2072 479 2140 δέ
495 2071 617 2141 ὄπισθε
632 2076 830 2162 αἰχμοφόροι
844 2079 1003 2164 Περσέων
1019 2080 1052 2143 οί
1064 2073 1138 2163 ὄρι-

138 2178 213 2240 στοί
225 2198 261 2238 τε
277 2173 330 2239 καί
345 2170 573 2257 γενναιότατοι
586 2177 700 2258 χίλιοι,
722 2171 805 2239 κατά
821 2172 928 2259 νόμον
944 2170 1003 2251 τάς
1018 2172 1138 2258 λόγχας

138 2275 282 2356 ἔχοντες,
297 2267 378 2353 μετὰ
393 2271 429 2336 δὲ
440 2271 540 2347 ἵππος
557 2267 641 2356 ἀλλη
654 2275 740 2356 χιλίη
758 2273 794 2338 ἐκ
804 2272 962 2358 Περσέων
978 2266 1138 2339 ἀπολελε-

136 2367 251 2451 γμένη,
264 2363 345 2450 μετὰ
364 2365 400 2433 δέ
413 2362 475 2450 τὴν
488 2367 593 2432 ἵππον
603 2366 640 2432 έκ
657 2372 724 2432 τῶν
740 2373 868 2434 λοιπῶν
879 2369 1038 2452 Περσέων
1053 2365 1136 2435 ἀπο-

136 2466 326 2549 λελεγμένοι
337 2461 462 2550 μόριοι.
476 2454 574 2539 οὗτος
584 2459 680 2542 πεζός
690 2457 749 2547 ἦν’
762 2465 816 2530 καί
827 2463 957 2531 τοότων
966 2470 1066 2550 χίλιοι
1076 2463 1136 2550 μὲν

136 2563 188 2628 έπί
199 2573 282 2628 τοῖσι
294 2557 434 2645 δούρασι
445 2555 518 2625 ἀντί
532 2563 600 2624 τῶν
611 2559 837 2646 σαυρωτήρων
847 2556 940 2646 ῥοιὰς
955 2557 1045 2645 εἶχον
1055 2586 1135 2648 χρυ-

136 2658 228 2741 σέας,
242 2657 296 2722 καὶ
307 2657 400 2742 πέριξ
412 2651 610 2739 συνεκλήιον
624 2652 702 2732 τούς
714 2651 847 2739 ἀλλους,
864 2658 897 2721 οί
910 2652 946 2722 δὲ
958 2659 1087 2722 είνακισ
1104 2660 1133 2722 ί-

134 2763 200 2823 λιοι
213 2751 305 2831 έντός
320 2753 449 2820 τούτων
464 2752 573 2831 ἐόντες
588 2751 752 2840 ἀργυρέας
767 2750 861 2841 ροιάς
875 2751 972 2837 εἶχον.
997 2751 1086 2839 εἶχον
1100 2752 1133 2821 δε

135 2855 276 2940 χρυσέας
292 2849 385 2942 ροιάς
402 2853 504 2920 καλοί
519 2857 565 2930 είς
581 2850 642 2938 τὴν
657 2859 721 2939 γῆν
735 2852 917 2939 τρέποντες
932 2850 990 2932 τάς
1005 2855 1133 2943 λόγχας,

134 2952 188 3016 παλ
203 2955 290 3035 μῆλα
311 2952 345 3016 οί
362 2946 498 3034 ἀγχιστα
514 2947 675 3036 ἑπόμενοι,
685 2953 799 3038 Ξέρξη.
827 2963 913 3018 τοῖσι
935 2952 971 3018 δέ
988 2959 1155 3040 μυρίοισι·

134 3049 324 3115 ἐπετέτακτο
336 3049 600 3135 ἵπποςΠερσέων
610 3054 722 3135 μυρίη.
736 3045 817 3133 μετά
830 3047 867 3115 δδ
878 3045 940 3134 τὴν
951 3053 1057 3118 ἵππον
1068 3055 1134 3121 διε-

133 3147 282 3211 λέλειπτο
296 3146 350 3211 καλ
367 3142 430 3210 δύο
445 3148 614 3230 σταδίους,
630 3148 689 3223 ,καί
706 3151 834 3212 ἔπειτεν
851 3141 869 3212 ὁ
887 3143 1005 3225 λοιπὸς
1022 3146 1135 3234 ὅμιλος

87 3248 120 3299 42
134 3236 184 3325 ἥίε
199 3234 327 3325 ἀναμίξ.
348 3237 509 3310 Ἐποιέετο
525 3244 560 3309 δέ
574 3239 636 3328 τὴν
651 3239 733 3311 ὁδόν
745 3245 781 3311 έκ
792 3249 850 3328 τῆς
859 3248 986 3331 Λυδίης
1000 3242 1019 3313 ὁ
1034 3265 1135 3331 στρα-

132 3337 187 3422 τός
203 3345 259 3409 έπί
270 3367 304 3409 τε
317 3341 467 3432 ποταμόν
482 3344 611 3412 Κάίκον
624 3349 679 3412 καί
693 3353 758 3434 γῆν
773 3344 834 3432 τὴν
850 3349 1000 3435 Μυσίην,
1017 3340 1085 3413 ἀπό
1101 3344 1134 3410 δέ
