2378 3840
124 179 189 245 238
499 182 753 242 HERODOTI

125 347 235 413 έπείτε
255 340 321 462 γάρ
350 341 599 429 κατειλήθησαν
620 344 653 420 ές
672 337 989 429 τὸνΠαρνησσῦυοί
1001 347 1134 426 Φωκέες

126 445 257 563 ἔχοντες
270 438 392 527 μάντιν
408 446 549 527 Τελλίην
563 436 623 507 τὸν
634 437 781 526 Ἠλείου,
799 438 976 509 ένθαῦτα“
963 466 980 507 ο
997 449 1136 530 Τελλίης

127 528 225 617 οῦτος
239 543 406 624 σοφίζεται
420 535 551 607 αῦτοίσι
563 535 713 607 τοιόνδε·
738 538 899 625 γυψώσας
917 537 1116 628 ἀνδραςα
1058 542 1134 621 ἑξα-

126 641 261 756 κοσίοφς
273 643 342 704 νῦν
356 639 505 758 Φφκίων
519 633 599 715 τοῦς
615 631 789 724 ἀρίστους,
804 634 928 717 αύτούς
942 662 978 706 τε
991 637 1137 716 τούτους

126 731 229 802 καί
193 761 234 802 τα
252 731 338 802 ὅπλα
354 731 615 822 αῦτῦν,[υοκτός
629 735 816 823 ἐπεθήκατο
827 748 913 805 τοῖσι
922 743 1135 821 Θεσσαλοῖσι,

124 838 286 921 προείπας
308 830 455 920 αῦτοίσι,
480 830 542 901 τάν
561 827 606 900 ἀν
625 829 670 920 μή
697 838 961 915 λευκανθίζοντα
985 837 1135 920 ίδωνται,

125 939 247 1001 τοῦτον
261 937 413 1004 κτείνειν.
434 933 577 1011 τούτους
592 925 641 1000 ἀν
655 934 694 1000 αί
704 958 740 1001 τε
755 935 904 1018 φυλακαί
920 940 988 1002 τῦν
1002 942 1135 1002 Θεσσα-

124 1037 195 1102 λῦν
205 1037 334 1118 πρῦται
350 1035 482 1100 ἰδοῦσαι
497 1029 736 1118 ἐφοβήθησαν,
751 1029 889 1110 δόξασαι
903 1027 984 1098 ἀλλο
995 1055 1034 1097 τι
1049 1027 1137 1096 εἶναι

125 1132 237 1218 τέρας,
253 1130 308 1197 καί
321 1126 404 1216 μετὰ
416 1126 475 1209 τὰς
489 1126 643 1217 φυλακὰς
659 1125 778 1216 αύτήή
794 1125 930 1215 στρατιή
945 1125 1033 1196 οῦτω
1049 1126 1136 1196 ὥστε

125 1234 394 1317 τετρακισχιλίων
411 1234 573 1315 κρατήσαι
593 1234 726 1315 υεκριῦν
738 1229 794 1294 καί
818 1221 969 1293 ἀσπίδων
985 1228 1136 1311 Φωκέας,

124 1331 194 1396 τάν
207 1323 266 1406 τάς
280 1328 343 1414 μὲν
356 1324 495 1415 ἡμισέας
508 1329 543 1405 ε’ς
552 1324 656 1415 ’Ἄβας
671 1321 859 1411 ἀνέθεσαν,
872 1321 932 1403 τὰς
947 1325 983 1392 δὲ
997 1329 1030 1403 ές
1043 1334 1137 1392 Δελ-

127 1419 229 1513 φούς·
251 1421 272 1514 ή
289 1425 325 1492 δέ
340 1423 461 1512 δεκάτη
476 1425 607 1510 ἐγένετο
621 1428 689 1490 τῶν
699 1421 880 1510 χρημάτων
891 1424 927 1490 ἐκ
940 1422 1063 1508 ταύτης
1077 1429 1135 1508 τῆς

126 1520 232 1610 μάχης
246 1525 281 1590 oc
293 1521 433 1608 μεγάλοι
454 1519 653 1608 ἀνδριάντες
669 1522 704 1587 oc
722 1520 799 1605 περί
818 1514 880 1585 τὸν
892 1523 1033 1605 τρίποδα
1049 1538 1137 1586 συν-

126 1626 282 1698 εστεῶτες
292 1624 464 1706 ἔμπροσθε
475 1625 536 1687 τοῦ
547 1623 634 1705 νηοῦ
644 1621 706 1685 τοῦ
721 1619 750 1686 έι
768 1625 944 1703 Δελφοῖσι,
960 1618 1015 1685 καί
1026 1618 1135 1704 ἕτεροι

80 1737 117 1792 κε
126 1722 272 1785 τοιοῦτοι
286 1714 450 1804 ἐν”Αβησι
463 1711 652 1783 ἀνακέαται.
680 1719 793 1780 Ταῦτα
803 1718 866 1800 μέν
876 1738 943 1781 νυν
956 1711 1018 1781 τὸν
1032 1711 1137 1795 πεζὸν

45 1901 47 1904 ⁴
126 1811 311 1901 ἐργάσαντο
321 1818 578 1882 τῦνΘεσσαλῦν
588 1815 623 1880 οί
627 1807 770 1894 Φωκέες,
780 1811 1037 1898 πολιορκέοντας
1048 1814 1138 1880 ἑωυ-

124 1911 214 1997 τούς,
229 1911 440 1998 ἐσβαλοῦσαν
452 1913 488 1979 δέ
499 1911 532 1990 ές
542 1907 605 1998 τήν
614 1908 729 1996 χύρην
739 1905 802 1995 τήν
815 1911 920 1976 ἵππον
932 1905 1044 1977 αῦτῦν
1056 1913 1137 1979 ἐλυ-

122 2006 272 2095 μήναντο
283 2003 481 2094 ἀνηκέστως.
501 2011 539 2075 έν
552 2004 618 2093 γὰρ
632 2013 672 2095 τῇ
684 2009 814 2095 ἐσβολῇ,
826 2004 849 2094 ή
859 2008 928 2075 ἐστι
939 2004 1022 2074 κατὰ
1031 2004 1139 2093 ’Ῥάμ-

121 2113 240 2190 πολιν,
262 2106 300 2173 έν
316 2106 421 2195 ταύτη
441 2105 575 2193 τάφρον
595 2104 746 2192 μεγάλην
766 2101 947 2190 ὀρύξαντες
961 2102 1137 2192 ἀμφορέας

123 2201 257 2283 κειυοῦς
271 2200 360 2283 ίς’
318 2201 426 2292 αντήν
440 2201 643 2290 κατέθηκαν,
658 2203 791 2289 χοῦυδὲ
802 2203 1068 2291 ἐπιφορήσαντες
1080 2205 1138 2272 καὶ

122 2301 401 2393 ὁμοιώσαντες
369 2308 415 2370 τῦ
436 2299 527 2392 άλλφ
543 2300 642 2392 χύρφ
663 2302 818 2370 ἐδέκοντο
838 2297 919 2380 τοῦς
940 2299 1137 2398 Θεσσαλοὺς

123 2399 354 2487 ἐσβάλλοντας.
375 2403 409 2467 ολ
418 2396 501 2483 δὴ*
478 2418 524 2478 ως
536 2396 808 2487 αναρπασομενοι
818 2424 899 2478 τους
910 2407 1058 2486 Φωκέας,
1072 2424 1138 2486 φε-

125 2497 263 2585 ρόμενοι
277 2499 436 2566 ἐσέπεσον
448 2499 482 2578 ές
493 2495 573 2578 τοῦς
584 2495 764 2586 ἀμφορέας.
780 2502 931 2568 ένθαντα
941 2502 1000 2567 oc
985 2522 1083 2568 ιπποι
1093 2526 1136 2568 τα

80 2619 116 2711 ος
127 2597 244 2664 σκέλεα
261 2595 507 2684 διεφθάρησαν.
532 2596 672 2665 Τούτων
689 2597 731 2684 δή
745 2617 806 2685 σφι
821 2594 1022 2719 ἀμφοτέρων
1037 2603 1139 2685 ἔχον-

125 2717 178 2771 τες
188 2697 373 2776 ἔγκοτουο
380 2697 543 2764 Θεσσαλοί
554 2695 796 2783 πέμψαντες
753 2720 884 2784 κηρυκα
894 2722 1064 2783 ηγορευον
1075 2724 1139 2764 τα

124 2795 177 2858 δε
205 2782 245 2856 Ὠ
262 2794 412 2879 Φωκέες,
433 2790 498 2880 ήδη
511 2820 545 2862 τι
564 2790 695 2881 μᾶλλον
716 2797 956 2882 γνωσιμαχέετε
977 2793 1022 2881 μή
1048 2793 1138 2863 εἶναι

123 2883 234 2974 ῦροίοι
247 2882 337 2975 ἡμῖν.
359 2890 492 2977 πρόσθε
504 2916 541 2960 τε
553 2888 620 2980 γάρ
635 2894 673 2960 έν
685 2904 773 2960 τοῖσι
786 2890 939 2980 Ἕλλησι,
955 2891 1038 2961 ὅσον
1054 2894 1140 2981 χρό-

125 3003 188 3052 νον
203 2982 344 3053 έκείυα
326 3001 408 3074 ημῖν
420 2987 565 3076 ήνδανε,
590 2993 694 3059 πλέον
709 2994 776 3059 αίεί
793 3015 868 3059 κοτε
883 2988 997 3077 ῦμέων
1012 2992 1140 3079 ἐφερό-

124 3092 225 3171 μεθα,
241 3090 308 3152 νῦν
318 3110 354 3153 τε
364 3084 454 3173 παρὰ
464 3113 511 3180 τφ
496 3089 685 3180 βαρβάρφ
695 3095 836 3158 τοσοῦτο
847 3088 1080 3178 δυνάμεθα,”
1050 3110 1138 3160 ωστε

125 3177 178 3250 ἐπ’
193 3178 275 3268 ἡμῖν
290 3186 360 3254 ἐστι
377 3210 435 3306 της
447 3192 509 3273 γῆς
521 3212 557 3256 τε
571 3189 773 3308 ἐστερῆσθαι
786 3189 843 3256 καί
858 3185 944 3277 πρὸς
960 3187 1131 3278 ήνδραπο·

120 3282 242 3348 δίσθαι
256 3279 377 3368 ῦμέας
397 3280 491 3370 ἡμεῖς
500 3283 664 3372 μέντοι
629 3311 668 3354 το
683 3292 753 3354 πᾶν
767 3290 899 3373 ἔχοντες
913 3283 955 3354 οῦ
968 3305 1140 3375 μνησικα-

65 3381 261 3620 Ὑμεν,
277 3378 355 3451 ἀλλ’
369 3378 450 3472 ήμτυ
463 3381 650 3472 γενέσθω’
629 3411 692 3453 αντ
694 3381 835 3453 ἀῦτῦν
851 3385 1061 3474 πεντήκοντα
1074 3384 1140 3455 τά·
