2378 3840
14 170 21 287 ᾗ
317 187 402 244 mn.
435 187 481 244 τι
515 186 611 245 cm).
649 192 821 248 109—115.
1010 183 1073 246 109

10 294 19 413 ἐ
61 342 245 434 δλεδρέην,
259 340 412 432 ὁρέοντες
427 338 551 422 αύτούς
568 341 717 432 ὀλίγους,
732 345 787 413 καλ
801 342 941 422 τούτους
957 341 1071 434 δρόμφ

17 470 21 479 ·
63 444 301 530 ἐπειγομένους
311 438 389 510 ούτε
399 444 506 510 ἵππου
520 439 734 530 ὑπαρχούσης
744 463 806 528 σφι
819 441 898 511 οὔτε
907 442 1070 529 τοξευμά-

63 570 142 615 m.
164 548 270 613 ταῦτα
286 543 348 628 μέν
362 565 429 609 νυν
444 545 478 609 οί
489 541 657 629 βάρβαροι
671 546 879 627 κατείκαζον,
896 536 1069 626 Ἀθηναῖοι

13 656 16 661 “
61 642 101 711 δέ
110 642 222 711 ἐπείτε
238 636 363 727 ἀθρόοι
375 640 578 727 προσέμιξαν
586 654 671 709 τοῖσι
683 638 894 729 βαρβάροισι,
909 638 1069 728 ἐμάχοντο

9 756 16 795 ῑ
59 735 164 819 ι’ξέως
173 734 288 823 λόγου.
299 743 426 823 πρῶτον
436 736 498 824 μέν
507 733 745 826 γάρἙλλήνοεν
753 737 891 806 πάντων
901 733 1070 823 τῶνὴμεῖς

65 842 163 923 ίδμεν
182 831 296 926 δρόμφ
313 836 346 913 ἐς
365 841 546 923 πολεμίους
567 835 766 925 ἐχρήσαντο,
788 844 914 923 πρῶτοι
935 836 971 906 δὲ
991 833 1071 905 ἀνέ-

64 933 317 1021 σχοντοέσδῆτά
328 932 528 1022 τεΜηδικην
538 930 690 1022 ὁρέοντες
701 935 841 1014 καλτοδς
852 933 977 1022 ἀνδρας
987 933 1071 1001 ταύ-

9 1084 13 1127 ·.
60 1058 126 1120 την
139 1033 364 1118 ἐσθημένους·
384 1033 465 1111 τέοος
480 1033 517 1102 δέ
526 1025 571 1120 ἦν
580 1048 666 1102 τοῖσι
673 1031 808 1120 Ἕλλησι
823 1034 879 1102 καὶ
889 1029 925 1100 τό
940 1029 1069 1117 ούνομα

9 1136 12 1201 ἑ
64 1126 101 1198 τό
112 1128 248 1215 Μήδων
263 1128 370 1218 φόβος
383 1125 536 1199 ἀκούσαι.
559 1134 772 1218 Μαχομένεον
788 1131 825 1200 δέ
839 1132 876 1200 ἐν
889 1137 934 1223 τῷ
947 1138 1071 1216 Μαρα-
1086 1150 1137 1205 11³

9 1226 12 1231 ’
61 1232 155 1294 δῶνι
167 1223 289 1313 χρόνος
299 1229 425 1315 ἐγίνετο
440 1228 572 1307 πολλός.
594 1227 697 1298 καλτδ
709 1230 772 1318 μέν
781 1233 885 1317 μέσον
897 1238 957 1299 τοῦ
968 1248 1070 1317 στρα-

62 1330 209 1398 τοπέδου
219 1325 394 1396 ε’νίκεονοί
398 1327 571 1419 βάρβαροι,
590 1337 630 1419 τῇ
640 1333 767 1418 Πέρσαι
778 1357 813 1399 τε
824 1327 919 1399 αύτολ
929 1332 984 1398 καλ
995 1329 1067 1397 Σά-

60 1453 121 1495 και
134 1425 322 1512 ἐτετάχατο·
349 1424 432 1496 κατά
447 1434 546 1496 τοῦτο
566 1428 629 1515 μὲν
647 1425 688 1514 δή
704 1429 880 1497 ένίκεονοέ
890 1426 1068 1515 βάρβαροι,

60 1524 120 1593 καλ
132 1523 291 1613 βήξαντες
301 1526 442 1594 ἐδίωκον
453 1528 487 1605 ἐς
497 1523 559 1613 τὴν
569 1525 764 1614 μεσόγαιαν,
780 1523 817 1594 τό
830 1526 866 1595 δέ
879 1528 978 1611 κέρας
990 1523 1067 1593 ἑκά-

60 1647 163 1713 τερον
174 1620 485 1713 ἐνίκεονἎθηναίοί
494 1651 529 1693 τε
538 1624 786 1705 καλΠλαταιέες.
806 1625 970 1704 νικέοντες
983 1625 1019 1692 δὲ
1030 1620 1066 1690 τό

59 1724 126 1812 μὲν
140 1726 366 1812 τετραμμένον
381 1731 448 1792 τοῖν
462 1724 645 1813 βαρβάρων
666 1725 808 1812 φεύγειν
823 1732 906 1812 ἔων,
926 1739 1011 1793 τοῖσι
1032 1725 1068 1791 δὲ

59 1816 99 1890 τό
111 1820 216 1907 μέσον
225 1821 342 1910 ῥήξασι
353 1818 465 1890 αύτῶν
474 1821 722 1909 συναγαγόντες
734 1819 773 1890 τά
786 1824 884 1911 κέρεα
896 1821 1068 1911 ἀμ’φότερα

10 1974 14 1985 .
60 1917 224 2005 ἐμάχοντο
233 1916 291 1986 καλ
299 1919 430 1986 ἐνίκεον
442 1915 622 2007 Ἀθηναῖοι.
646 1919 812 2006 φεύγουσι
826 1922 862 1988 δέ
879 1933 963 1989 τοῖσι
978 1919 1067 2005 Πέρ·

60 2038 140 2108 σησι
154 2020 288 2087 εἵποντο
303 2018 499 2107 κόπτοντες,
521 2022 554 2101 ἐς
571 2017 591 2088 ό
609 2022 663 2091 ἐπὶ
677 2018 739 2108 τήν
756 2022 933 2091 θάλασσαν
947 2016 1068 2088 ἀπικό-

58 2142 157 2206 μενοι
170 2125 239 2207 πῦρ
254 2143 290 2188 τε
303 2127 416 2188 αίτεον
430 2121 486 2189 καὶ
500 2122 770 2210 ἐπελαμβάνοντο
786 2129 854 2191 τόν
868 2128 964 2190 νεῶν.
1003 2120 1069 2188 Καὶ
1086 2135 1135 2192 114

58 2219 236 2303 τοῦτομὲν
249 2217 287 2285 ἐν
299 2216 407 2309 τούτφ
428 2224 473 2310 τῷ
487 2217 582 2310 πόνφ
598 2215 617 2287 ὁ
636 2226 842 2308 πολέμαρχος
859 2224 1067 2306 Καλλίμαχος

58 2319 303 2403 διαφθείρεται,
318 2313 404 2404 ἀνὴρ
416 2317 597 2404 γενόμενος
609 2314 749 2405 ἀγαθός,
761 2314 827 2386 ἀπό
839 2315 871 2385 δ’
885 2323 988 2386 έθανε
998 2320 1067 2383 τόν

57 2419 253 2500 στρατηγῶν
263 2412 481 2501 Στησίλεωςδ
494 2417 689 2504 Θρασύλεω,
703 2423 802 2485 τοῦτο
815 2417 851 2485 δὲ
863 2418 1067 2502 Κυνέγειρος

58 2507 323 2598 όδύφορίοινος
350 2515 500 2583 ἐνθαῦτα
527 2515 767 2603 ἐπιλαβόμενος
795 2523 862 2584 τῶν
884 2512 1066 2600 ἀφλάστων

58 2604 147 2695 νεός,
163 2604 226 2696 τήν
238 2623 332 2699 χείρα
343 2606 522 2689 ἀποκοπεὶς
533 2618 665 2679 πελέκει·
678 2618 799 2698 πίπτει,
812 2618 911 2679 τοῦτο
923 2611 959 2679 δέ
971 2610 1065 2680 ἀλλοι

54 2704 246 2795 Ἀθηναίων
262 2714 384 2778 πολλοί
395 2734 431 2777 τε
445 2712 501 2777 καλ
514 2705 726 2794 ούνομαστοί.
759 2707 859 2778 Ἑπτά
871 2736 933 2797 μεν
946 2707 987 2798 δὴ
998 2717 1066 2777 τῶν
1085 2726 1116 2780 11

56 2813 147 2876 νεῶν
157 2806 386 2894 ἐπεκράτησαν
396 2808 509 2901 τρόπφ
520 2808 661 2899 τοιούτῳ
669 2805 852 2897 Ἀθηναῖοι,
860 2816 935 2898 τῇσι
946 2808 983 2876 δὲ
993 2816 1065 2876 λοι-

56 2912 139 2995 πῇσι
150 2909 185 2974 οέ
192 2904 358 2995 βάρβαροι
369 2908 711 2996 ἐξανακρουσάμενοι,
726 2909 780 2976 καὶ
791 2905 1017 2995 ἀναλαβόντες
1028 2909 1079 2973 ἐπ’

55 3012 114 3093 τῆς
124 3003 243 3093 νήσου,
260 3008 297 3074 έν
307 3014 347 3095 τῇ
358 3013 490 3094 ἐλιπον,
505 3005 546 3075 τά
559 3009 592 3089 ἐξ
605 3005 987 3105 Ἐρετρίηςιάυδράποδα,
1003 3028 1065 3073 πε-

56 3105 224 3191 ριέπλωον
238 3104 400 3191 Σούνιον,
418 3106 621 3193 βουλόμενοι
633 3112 764 3192 φθῆναι
775 3102 854 3183 τούς
864 3103 1065 3190 Ἀθηναίους

54 3196 257 3289 ἀπικόμενοι
277 3205 310 3281 ές
323 3199 360 3271 τό
380 3200 473 3271 ἀστυ.
504 3208 590 3290 αίτίη
606 3205 642 3271 δέ
658 3209 731 3289 ἐσχε
746 3205 784 3271 ἐν
802 3200 1009 3289 Ἀθηναίοισι
1030 3203 1064 3284 ἐξ

51 3301 341 3391 Ἀλκμαιοινιδέων
363 3314 511 3394 μηχανῆς
538 3303 662 3386 αύτούς
690 3315 794 3376 ταῦτα
823 3310 1063 3396 ἐπινοηθῆναι·

54 3400 198 3484 τούτους
206 3400 271 3490 γάρ
283 3407 515 3492 συνθεμένους
525 3419 607 3474 τοῖσι
615 3408 763 3494 Πέρσησι
776 3401 929 3487 ἀναδέξαι
941 3403 1064 3475 ἀσπίδα
