2378 3840
133 179 196 242 ³14
510 180 763 239 HERODOTI

86 359 120 414 σε
136 345 281 428 θαιρολνι
296 337 570 424 ἀπολελαμμένοι.
603 343 714 404 Ταῦτα
729 337 1000 424 βουλευσάμενοι
1014 335 1140 426 ἐκείνην

133 435 195 526 μὲν
217 435 279 524 τήν
298 436 427 525 ἡμέρην
450 443 562 503 πᾶσαν
582 438 824 523 προσκειμένης
844 442 901 523 τῆς
923 439 1037 505 ἵππου
1059 435 1140 524 είχον

133 535 241 605 πόνον
257 533 409 622 ἀτρυτον.
440 529 485 611 ὡς
506 529 542 599 δέ
563 526 635 618 ἥτε
657 529 763 619 ἡμέρη
779 537 875 618 ἔληγε
897 536 953 602 καλ
977 539 1015 602 σί
1034 539 1140 614 ἱππέες

133 636 337 719 ἐπέπαυντο,
355 628 476 710 νυκτός
493 628 533 718 δή
549 631 728 717 γινομένης
739 633 794 698 καὶ
805 631 926 719 ἐούσης
936 638 997 719 τῆς
1014 631 1105 723 ὥρης
1115 637 1140 711 ές

133 729 196 819 τήν
211 729 250 818 δή
266 728 442 798 συνεκέετό
457 750 518 816 σφι
529 725 816 815 ἀπαλλάσσεσθαι,
834 731 986 798 ἐνθαῦτα
999 727 1139 816 ἀερθέν·

132 855 186 908 τες
208 833 242 896 ολ
254 831 371 897 πολλοὶ
392 824 662 912 ἀπαλλάσσοντο,
684 830 717 907 ἐς
733 825 796 913 μέν
818 826 878 896 τόν
900 835 1016 916 χῶρον
1038 833 1075 909 ἐς
1088 827 1141 899 τόν

134 926 309 994 συνεκέετο
330 923 392 994 οὐκ
414 927 451 994 έν
472 924 542 1015 νόφ
562 931 709 1011 ἔχοντες,
738 929 773 993 οί
792 927 829 993 δὲ
851 923 895 1004 ὡς
919 927 1140 1015 ἐκινήθησαν,

133 1030 280 1112 ἔφευγον
294 1024 433 1112 ἀσμευοι
446 1022 508 1112 τήν
523 1028 628 1092 ἵππον
643 1022 726 1112 πρός
739 1022 802 1111 τήν
816 1027 1016 1095 Πλαταιέων
1033 1030 1139 1115 πόλιν,

133 1123 317 1210 φεύγοντες
332 1125 369 1191 δὲ
383 1120 598 1191 ἀπικνέονται
612 1124 665 1191 έπλ
678 1120 715 1190 τό
725 1120 872 1211 Ἥραιον.
896 1120 933 1192 τό
950 1127 991 1194 δὲ
1004 1124 1076 1212 πρὸ
1091 1134 1141 1215 τῆς

133 1220 249 1299 πόλιός
264 1222 333 1289 ἐστι
342 1227 400 1309 τῆς
410 1223 616 1306 Πλαταιέων,
629 1230 733 1289 είκοσι
745 1225 899 1301 σταδίους
910 1219 977 1292 ἀπό
990 1232 1053 1313 τῆς
1064 1225 1139 1314 κρή-

133 1346 194 1406 υης
213 1326 271 1406 τῆς
285 1326 480 1407 Γαργαφίης
501 1318 634 1406 ἀπέχον.
669 1317 866 1405 ἀπικόμενοι
887 1321 923 1389 δὲ
938 1327 1067 1393 ἔθεντο
1082 1322 1140 1410 πρό

84 1429 120 1484 λθ
135 1425 196 1487 τοῦ
209 1422 286 1507 ίροῦ
299 1416 340 1486 τά
357 1415 452 1487 ὅπλα.
486 1419 552 1486 Καὶ
566 1422 601 1486 οί
611 1415 673 1503 μέν
688 1420 763 1506 περὶ
777 1415 814 1485 τό
830 1415 969 1507 Ἡραῖον
985 1423 1140 1511 ἐστρατο-

133 1515 326 1602 πεδεόοντο,
334 1522 528 1603 Παυσανίης
539 1517 576 1583 δὲ
589 1512 696 1602 ὁρέων
707 1520 810 1603 σφέας
821 1512 1140 1607 ἀπαλλασσομένους

133 1621 170 1686 έκ
191 1623 251 1684 τοῦ
275 1619 500 1703 στρατοπέδου
518 1617 726 1705 παρήγγελλε
748 1619 802 1685 καὶ
822 1631 907 1686 τοῖσι
927 1624 1139 1709 Λακεδαιμο·

133 1721 235 1783 νίοισι
246 1710 475 1802 ἀναλαβόντας
485 1712 525 1782 τά
539 1713 627 1784 ὅπλα
641 1715 726 1783 ίέναι
738 1712 821 1783 κατά
835 1712 915 1795 τούς
926 1714 1058 1799 ἀλλους
1067 1716 1139 1800 τοδς
1160 1630 1172 1933 ι

133 1812 329 1900 προϊόντας,
350 1821 489 1902 νομίσας
511 1811 635 1892 αότοός
655 1817 687 1893 ές
701 1811 761 1882 τόν
781 1822 892 1904 χῶρον
906 1820 1013 1905 ίέυαι,
1036 1821 1074 1899 ές
1087 1816 1138 1887 τόν

133 1910 376 1997 συνεθήκαντο.
398 1914 547 1982 ἐνθαῦτα
559 1917 593 1981 οἱ
602 1913 665 1999 μὲν
675 1910 770 1981 ἀλλοι
781 1910 888 1998 ἀρτιοι
901 1905 992 2001 ήσαυ
1002 1922 1079 1985 τῶν
1088 1945 1138 1986 τα-

133 2011 293 2094 ξιαρχέων
307 2012 489 2079 πείθεσθαι
504 2016 699 2098 Παυσανίη,
719 2006 968 2097 Ἀμομφάρετος
984 2014 1023 2080 δὲ
1040 2011 1061 2084 ὁ
1077 2023 1139 2083 Πο-

133 2105 255 2176 λιάδεω
266 2110 435 2194 λοχηγέων
445 2115 507 2176 τοῦ
513 2108 707 2194 Πιτανήτεω
717 2107 820 2193 λόχου
831 2104 894 2178 οὐκ
906 2113 971 2196 ἔφη
982 2108 1072 2192 τούς
1081 2115 1138 2194 ξεί

133 2231 215 2284 νους
233 2204 417 2291 φεύξεσθαι
433 2203 511 2274 οὐδὲ
533 2204 620 2274 έκῶν
636 2203 720 2273 εἶναι
736 2205 924 2291 αίσχυνέειν
940 2203 1006 2293 τήν
1020 2209 1139 2298 Σπόρ-

132 2329 211 2390 τηυ,
228 2300 403 2388 έθάυμαζέ
417 2329 452 2371 τε
467 2301 575 2390 ὁρέων
589 2301 626 2372 τό
641 2301 845 2388 ποιεόμενον
859 2301 917 2371 ἀτε
932 2301 975 2372 οὐ
991 2329 1139 2395 παραγε-

132 2399 275 2486 νόμενος
288 2406 334 2490 τῷ
348 2402 499 2492 προτέρῳ
514 2403 614 2494 λόγῳ.
637 2399 704 2472 ὅδὲ
715 2406 910 2487 Παυσανίης
924 2427 959 2469 τε
971 2406 1030 2473 καί
1042 2402 1063 2475 ὁ
1074 2403 1139 2475 Εό-

132 2496 261 2586 ρυάναξ
277 2495 391 2565 δεινόν
411 2497 473 2584 μέν
491 2501 663 2568 ἐποιεῦντο
683 2495 720 2566 τό
744 2495 788 2586 μή
809 2503 992 2567 πείθεσθαι
1009 2503 1139 2572 ἐκεῖνον

133 2602 243 2682 σφίσι,
260 2596 451 2682 δεινότερον
466 2598 503 2664 δέ
518 2603 564 2666 ἔτι
579 2600 711 2666 ἐκείνου
724 2603 828 2664 ταῦτα
843 2601 1043 2683 νενωμένου
1057 2598 1140 2670 ἀπο·

132 2703 241 2763 λιπεῖν
255 2690 316 2760 τόν
330 2693 430 2779 λόχον
444 2691 505 2763 τόν
519 2695 722 2783 Πιτανήτην,
739 2692 784 2782 μή
799 2690 843 2782 ἢν
858 2693 1052 2766 ἀπολίπωσι
1067 2725 1140 2770 ποι·

133 2799 247 2871 εῦντες
260 2790 300 2860 τά
316 2782 549 2882 συνεθήκαντο
563 2808 649 2863 τοῖσι
660 2791 790 2862 ἀλλοισι
800 2791 950 2880 Ἕλλησι,
974 2793 1139 2885 ἀπόληται

131 2888 350 2976 ὑπολειφθεὶς
364 2887 464 2970 αὐτός
478 2918 513 2960 τε
533 2889 780 2980 Ἀμομφάρετος
801 2892 856 2959 καὶ
878 2896 912 2960 οί
929 2889 1002 2978 μετ’
1021 2893 1138 2965 αὐτοῦ.

134 2996 247 3060 Ταῦτα
257 2988 465 3077 λογιζόμενοι
476 2988 619 3080 ἀτρέμας
631 2989 719 3078 εἶχον
729 2989 766 3060 τό
779 2990 1007 3079 στρατόπεδον
1016 2993 1059 3063 τό
1071 3004 1140 3066 Λα-

129 3083 294 3174 κωνικὸν,
306 3089 362 3157 καὶ
382 3089 569 3177 έπειρέοντο
578 3091 753 3169 πείθοντές
767 3117 826 3178 μιν
843 3086 887 3167 ὡς
901 3087 942 3157 οὐ
959 3088 1075 3178 χρεων
1092 3103 1140 3180 είη

81 3203 117 3258 λλ
131 3194 234 3257 ταῦτα
251 3189 386 3266 ποιέειν.
410 3191 475 3256 Καὶ
492 3192 527 3258 οί
540 3192 603 3275 μὲν
618 3191 867 3278 παρηγορέοντο
884 3185 1140 3277 Ἀμομφάρετον

130 3290 260 3374 μοῦνον
274 3287 550 3372 Λακεδαιμονίων
570 3313 605 3354 τε
627 3288 682 3355 καὶ
700 3287 889 3372 Τεγεητέων
904 3289 1140 3376 λελειμμένον,
1172 3272 1179 3345 Ι

126 3380 299 3466 Ἀθηναῖοι
310 3382 345 3449 δέ
355 3382 489 3450 ἐποίευν
499 3384 627 3452 τοιάδε·
643 3381 731 3469 είχον
742 3379 883 3471 ἀτρέμας
895 3383 1000 3469 σφέας
1012 3383 1140 3471 αιάτοδς
1172 3352 1181 3505 1
