2378 3840
10 144 35 263 ’λ-
339 184 425 240 mn.
456 184 504 244 νε
541 182 639 239 οΑε.
669 188 803 242 ω-ιο.
1030 185 1074 249 εν

10 338 13 347 '
60 342 132 429 γάρ
148 364 182 409 τι
197 340 364 427 πρότερον
380 340 523 409 ἐλθόντα
540 342 593 408 καὶ
612 343 864 427 συνευνηθέντα
882 346 1005 413 δοῦναί
1015 373 1071 433 μοι

60 438 145 519 τούς
159 436 358 523 στεφάνους.
379 435 488 524 ὁρέων
505 438 544 505 δέ
557 464 598 524 με
613 442 868 527 κατομνυμένην
881 437 899 509 ὁ
913 439 1071 529 Ἀρίστων

62 542 173 625 {pave
197 531 242 616 ῶς
264 543 363 603 θετον
374 544 425 621 είη
438 532 475 603 τὸ
487 542 631 621 πρῆγμα.
656 538 819 605 καὶτοῦτο
832 536 893 623 μὲν
905 543 938 607 oc
947 542 1071 625 στέφα-

63 660 120 705 νοι
136 633 312 722 έφάνησαν
326 632 436 712 έόντες
456 635 493 701 ἐκ
507 640 568 701 τοῦ
587 630 715 720 ἡρωίου
735 641 795 701 τοῦ
810 632 900 722 παρὰ
915 643 987 723 τῇσι
1002 637 1071 705 θύ-

61 752 143 823 ρῃσι
156 738 230 820 τῇσι
244 727 396 820 αὐλείῃσι
407 731 600 817 ἱδρυμένον,
616 728 652 798 τό
665 732 821 800 καλέουσι
832 729 1069 821 Ἀστραβάκου,

60 840 164 903 τοῦτο
175 831 212 899 δδ
226 834 261 901 οί
268 830 405 917 μάντιες
420 827 481 898 τόν
494 825 599 896 αύτόν
609 838 730 899 τούτου
745 829 837 918 ἥρωα
852 829 1011 919 ἀναίρεον
1023 830 1069 899 εἷ-

60 958 130 1000 ναι.
153 928 242 999 ούτω
262 927 321 1018 δὴ,
346 921 468 1017 ῶπαί,
491 934 573 1015 ἔχεις
595 935 680 1014 πᾶν,
706 928 789 997 ὅσον
808 956 840 997 τι
860 932 915 997 καὶ
930 930 1069 1016 βούλεαι

59 1028 246 1099 πυθέσθαι.
274 1023 296 1115 ἢ
311 1024 376 1116 γάρ
391 1028 428 1095 ἐκ
444 1032 506 1095 τού
519 1025 628 1113 ἥρωος
642 1027 763 1095 τούτου
774 1028 931 1113 γέγονας,
947 1032 1006 1093 καί
1016 1053 1067 1095 τοι

59 1129 173 1218 πατήρ
189 1131 258 1198 έστι
271 1123 526 1215 Ἀστράβακοςὸ
543 1123 649 1213 ἥρως,
664 1122 685 1212 ἢ
699 1123 872 1213 Ἀρίστων·
895 1129 931 1195 έν
951 1125 1015 1213 γάρ
1032 1145 1068 1194 σε

60 1236 101 1319 τῇ
111 1232 208 1299 ννκτλ
219 1228 322 1317 ταύτῃ
332 1225 537 1314 ἀναιρέομαι.
557 1224 597 1294 τά
609 1230 648 1294 δέ
656 1246 717 1295 σευ
727 1227 870 1315 μάλιστα
880 1226 1067 1296 κατάπτον-

59 1354 115 1398 ται
128 1331 164 1397 οί
176 1325 307 1416 ἐχθροί,
322 1328 490 1415 λέγοντες,
507 1323 552 1406 ῶς
567 1324 668 1407 αύτδς
682 1325 699 1396 ὁ
714 1325 889 1415 Ἀρίστων,
905 1328 961 1398 ὅτε
976 1326 1066 1419 αὐτῷ

60 1423 106 1494 σύ
119 1421 288 1512 ἠγγέλθης
303 1427 563 1511 γεγεννημένος,
580 1431 714 1493 πολλῶν
729 1423 925 1494 ἀκουόντων
939 1423 980 1492 οὐ
998 1427 1066 1513 φή-

59 1525 131 1591 σειέ
145 1540 184 1590 σε
197 1522 326 1588 ἑωυτοῦ
341 1518 443 1605 εἶναι,
458 1518 518 1589 τόν
531 1519 655 1608 χρόνον
668 1519 744 1608 γάρ,
760 1519 838 1601 τούς
854 1523 932 1589 δέκα
947 1528 1064 1608 μῆνας,

59 1617 189 1689 ούδέκω
200 1616 339 1706 ἐξήκειν,
356 1614 485 1706 ἀιδρείῃ
496 1623 565 1686 τῶν
574 1618 737 1686 τοιούτοιν
748 1621 873 1698 ἐκεῖνος
888 1625 984 1686 τοῦτο
1001 1614 1065 1685 ἀπ-

60 1718 176 1805 έρριψε
186 1712 223 1783 τό
235 1721 322 1795 ἔπος.
338 1721 487 1784 τίκτουσι
499 1712 564 1803 γάρ
574 1729 734 1807 γυναῖκες
745 1719 800 1785 καὶ
811 1717 999 1804 ἐννεάμηνα
1010 1717 1064 1783 καὶ

59 1812 248 1901 ἑπτάμηνα,
270 1814 327 1882 καί
346 1809 388 1881 ού
405 1819 510 1881 πᾶσαι
526 1814 606 1881 δέκα
625 1819 731 1900 μῆνας
745 1814 970 1882 ἐκτελέσασαι·
999 1809 1063 1898 έγῶ

58 1914 94 1982 δδ
114 1912 170 1999 σε,
194 1902 310 1998 duat,
331 1912 523 2000 ἑπτάμηνον
540 1917 662 1980 ἔτεκον.
694 1917 780 1999 ἔγνω
818 1908 856 1978 δὲ
878 1909 934 1976 καὶ
959 1905 1060 1987 αύτδς

54 2009 212 2099 Ἀρίστωυ
227 2007 269 2077 ού
282 2007 364 2096 μετά
376 2007 504 2079 πολλόν
517 2010 658 2097 χρόνον,
677 2008 722 2089 ῶς
736 2007 854 2098 ἀγνοίη
864 2007 900 2078 τὸ
916 2015 994 2087 ἔπος
1007 2010 1062 2076 έκ-

56 2106 155 2198 βάλοι
169 2113 277 2175 τούτο.
306 2106 429 2194 λόγους
445 2108 481 2177 δὲ
495 2108 618 2188 ἀλλους
632 2110 707 2196 περὶ
721 2111 869 2195 γενέσιος
883 2115 941 2196 τῆς
954 2127 1063 2176 σεωυ-

56 2212 116 2275 τοῶ
130 2201 176 2292 μὴ
191 2205 302 2272 δέκεο·
319 2201 359 2272 τά
374 2202 439 2293 γάρ
456 2202 664 2293 ἀληθέστατα
677 2206 786 2274 πάντα
797 2205 950 2292 ἀκήκοας.
975 2208 1011 2274 έκ
1026 2205 1062 2272 δὲ

10 2354 12 2401 :
56 2302 258 2391 ὀνοφορβῶν
272 2299 363 2394 αύτῷ
381 2331 416 2372 τε
430 2311 617 2396 Λευτυχίδῃ
632 2309 687 2375 καὶ
707 2319 793 2375 τοῖσι
809 2313 912 2375 ταῦτα
927 2309 1062 2393 λέγουσι
1076 2352 1081 2361 =

10 2488 12 2493 Ι
55 2407 197 2471 τίκτοιεν
211 2403 248 2468 αί
259 2415 416 2487 γυναῖκες
431 2407 558 2483 παῖδας.
596 2402 640 2473 Ἡ
650 2407 712 2491 μὲν
733 2402 774 2492 δὴ
791 2413 895 2473 ταῦτα
910 2411 1018 2494 ἔλεγε,
1040 2404 1059 2476 ὁ
1077 2421 1112 2477 70

55 2501 90 2569 δὲ
100 2497 298 2587 πυθόμενός
308 2524 344 2568 τε
355 2497 395 2568 τά
403 2500 559 2590 ἐβούλετο
571 2506 625 2572 καὶ
634 2502 751 2571 ἐπόδια
761 2501 875 2591 λοβῶν
883 2504 1060 2590 ἐπορεύετο

54 2600 86 2679 ές
101 2592 215 2684 Ἠλιν,
235 2605 281 2689 τῷ
302 2596 392 2690 λόγῳ
407 2597 490 2686 φύς,
513 2597 557 2680 ῶς
573 2604 606 2679 ές
619 2597 778 2687 Δελφούς
797 2598 1002 2688 χρησόμενος
1016 2611 1061 2694 τῷ

52 2701 240 2788 χρηστηρίῳ
255 2695 443 2783 πορεύεται.
466 2697 727 2786 Λακεδαιμόνιοι
743 2700 779 2767 δὲ
790 2697 1061 2787 ὑποτοπηθέντες

52 2794 260 2882 Δημάρητον
274 2798 410 2888 δρησμῷ
427 2798 784 2883 έπιχειρέεινέδίωκον.
814 2803 873 2865 καί
887 2823 953 2877 κως
969 2803 1059 2885 ἔφθη

51 2890 906 2984 έςΖάκυνθονδιαβάςὸΔημάρητοςέκτῆςἭλιδος.
930 2899 1059 2965 ἐπιδια-

49 2992 172 3080 βάντες
185 2992 222 3060 δδ
242 2996 276 3061 oc
287 2994 548 3080 Λακεδαιμόνιοι
568 2991 673 3062 αύτοῦ
687 3021 722 3063 τε
743 2994 887 3063 ἅπτοντο
908 2993 1058 3073 καὶτοὺς
1158 3085 1160 3088 y

49 3088 265 3177 θεράποντας
279 3087 385 3159 αὐτόν
401 3088 625 3179 ἀπαιρέονται.
654 3091 736 3180 μετὰ
752 3094 803 3179 δὲ,
820 3091 862 3161 ού
875 3091 940 3180 γὰρ
955 3097 1059 3174 έξεδί-
1121 3150 1126 3157 .

49 3192 157 3257 δοσαν
177 3184 283 3256 αύτόν
304 3193 338 3258 οί
350 3188 554 3276 Ζακύνθιοι,
577 3194 738 3260 ἐνθεῦτεν
760 3196 926 3279 διαβαίνει
946 3193 979 3272 ἐς
995 3187 1058 3280 τὴν

47 3283 159 3373 Ἀσίην
176 3282 267 3372 παρὰ
281 3290 421 3374 βασιλέα
436 3299 593 3375 Δαρεῖον.
617 3286 634 3356 ὁ
651 3287 688 3358 δὲ
705 3287 886 3377 ὑπεδέξατό
902 3315 937 3358 τε
952 3287 1058 3359 αύτὸν

46 3385 234 3469 μεγαλωστὶ
251 3386 306 3451 καὶ
320 3391 385 3472 γῆν
399 3411 433 3453 τε
449 3387 503 3453 καὶ
520 3385 616 3465 πόλις
631 3390 741 3455 ἔδωκε.
766 3384 855 3456 οὕτω
871 3383 1005 3458 ἀπίκετο
1024 3391 1057 3466 ές
