2378 3840
326 184 411 240 LlB.
443 183 479 239 V.
516 183 615 240 cAP.
648 188 791 243 49-51.
1023 178 1064 242 23

50 332 238 425 Ἀρμενίων
252 340 290 408 δέ
304 341 474 429 Ματιηνοὶ
490 341 604 428 χάρην
623 341 723 428 τήνδε
739 347 876 429 ἔχοντες.
907 346 1011 429 ἔχεται
1028 342 1062 408 δὲ

54 434 187 504 τούτων
207 444 250 525 γῆ
273 436 333 525 ἥδε
347 446 486 528 Κισσίη,
509 443 546 509 έν
565 447 605 529 τῇ
623 438 663 528 δή
682 439 772 530 παρὰ
793 438 946 528 ποταμόν
965 439 1063 509 τόνδε

53 533 220 622 Χοάσπην
231 537 368 624 πείμενά
383 540 451 607 έστι
468 534 509 606 τά
523 546 642 608 Σοῦσα
659 547 780 626 ταῦτα,
803 546 889 609 ένθα
906 537 1064 627 βασιλεύς

54 659 93 702 τε
107 637 209 720 μέγας
220 640 351 705 δίαιταν
365 642 528 726 ποιέεται,
544 643 600 707 καὶ
616 649 686 708 τῶν
698 641 877 729 χρημάτων
889 644 923 708 οἱ
930 651 1064 726 θησαυ-

55 735 111 820 ροὶ
127 734 278 802 ένθαὺτά
301 740 380 804 εἰσι·
413 736 546 816 ἑλόντες
567 739 603 806 δὲ
623 739 749 825 ταύτην
770 737 833 827 τήν
854 739 955 808 πόλιν
975 746 1063 822 θαρ-

55 834 191 911 σέοντες
201 830 265 919 ήδη
275 841 322 925 τῷ
333 839 392 903 Διὶ
405 835 557 913 πλοότον
570 838 647 923 πέρι
662 838 789 923 ἐρίζετε.
813 832 897 907 ἀλλὰ
913 837 989 922 περὶ
1002 834 1064 922 μέν

55 930 166 1018 χάρης
187 928 253 1017 ἄρα
280 930 322 1000 οὑ
343 933 468 1022 πολλῆς
490 931 570 1003 οὑδὲ
599 934 687 1004 οὕτω
713 945 855 1026 χρηστῆς
874 939 930 1005 καὶ
951 933 1064 1018 οὑρων

55 1035 210 1116 σμικρῶν
222 1029 331 1116 χρεῶν
346 1032 415 1099 ἐστι
428 1029 533 1117 ὑμέας
546 1035 652 1120 μάχας
666 1033 918 1124 ἀναβάλλεσθαι
932 1033 1016 1119 πρός
1028 1057 1065 1100 τε

56 1133 274 1215 Μεσσηνίους
290 1127 406 1208 έόντας
421 1135 616 1218 ἰσοπαλέας,
631 1135 687 1202 ιιαλ
697 1130 859 1219 Ἀρκάδας
872 1156 908 1200 τε
922 1132 978 1200 παλ
988 1127 1064 1213 Ἀρ-

54 1232 186 1314 γείους,
213 1242 299 1296 τοῖσι
322 1225 399 1296 οὑττ
424 1235 554 1316 χρυσοῦ
579 1230 739 1319 ἐχόμενόν
765 1234 833 1300 ἐστι
861 1228 962 1299 οὐδέν
987 1225 1064 1295 οὑτε

56 1321 229 1412 άργόρον,
250 1330 320 1392 τῶν
334 1328 410 1412 πέρι
427 1335 487 1395 καί
499 1353 576 1394 τινα
596 1329 708 1416 ἐνάγει
728 1334 903 1417 προθυμίη
918 1325 1065 1414 μαχόμε·

56 1449 119 1493 νον
134 1418 383 1512 ἀποθνήσκειν·
410 1427 556 1511 παρέχον
570 1427 608 1494 δέ
626 1433 684 1514 τῆς
703 1424 812 1513 Ἀσίης
825 1424 934 1512 πάσης
950 1421 1065 1510 ἄρχειν

56 1518 237 1606 εὐπετέως,
259 1517 341 1589 ἄλλο
362 1547 395 1588 τι
411 1520 609 1609 αίρήσεσθες
627 1521 863 1613 Ἀρισταγόρης
883 1526 947 1611 μὲν
960 1528 1064 1590 ταῦτα

56 1620 163 1704 ἔλεξε,
185 1621 376 1705 Κλεομένης
393 1617 431 1687 δέ
448 1616 601 1707 ἀμείβετο
617 1627 757 1691 τοιοίδε·
789 1615 829 1690 Ὦ
847 1624 933 1703 ξεῖνε
951 1617 1064 1705 Μιλή-

55 1736 125 1803 σιε,
147 1713 381 1805 ἀναβάλλομαί
391 1742 444 1784 τοι
464 1719 497 1795 ές
517 1725 633 1806 τρίτην
646 1716 776 1808 ἡμέρην
789 1717 1062 1807 ὑποκρινέεσθαι.

60 1813 143 1883 Τότε
155 1814 219 1901 μέν
233 1816 266 1892 ές
282 1819 424 1882 τοσοῦτο
443 1811 588 1902 ἤλασαν,
619 1817 726 1884 ἐπείτε
753 1819 789 1885 δλ
804 1813 825 1902 ἡ
841 1822 941 1903 πυρίη
958 1810 1063 1900 ἡμέρη
1078 1839 1114 1892 τρ

57 1915 188 2000 ἐγένετο
208 1920 266 2000 τῆς
289 1911 487 2000 ὑποκρίσιος
509 1916 564 1982 καὶ
584 1907 696 2002 ἦλθον
715 1915 749 1993 ές
768 1911 806 1981 τό
832 1917 1063 1998 συγκείμενον,

56 2021 162 2100 εἴρετο
179 2007 197 2079 ὁ
214 2014 406 2098 Κλεομένης
419 2007 482 2080 τόν
493 2008 748 2102 Ἀρισταγόρην,
767 2010 899 2082 ὁκόσων
912 2007 1063 2099 ἡμερίων

56 2107 122 2179 άπδ
136 2109 310 2197 θαλάσσης
323 2116 381 2196 τῆς
401 2107 524 2178 Ἰάνων
544 2108 622 2190 ὁδός
638 2121 688 2199 εἰη
705 2108 795 2198 παρά
817 2111 964 2196 βασιλέα.
993 2103 1064 2174 ὅδὲ

55 2199 289 2296 Ἀρισταγόρης
307 2201 412 2277 τᾶλλα
430 2207 497 2277 έιδν
518 2207 626 2296 σοφός
644 2213 700 2278 καὶ
720 2209 913 2297 διαβάλλων
933 2208 1064 2274 έκείνον

57 2299 95 2376 εὑ
110 2309 151 2376 έν
169 2305 278 2397 τούτῳ
295 2305 443 2394 ἐσφάλη·
463 2304 573 2394 χρεῶν
591 2307 657 2395 γάρ
678 2334 738 2393 μιν
751 2303 797 2394 μή
818 2307 929 2390 λέγειν
942 2299 979 2370 τό
996 2299 1064 2388 έόν,

55 2403 268 2494 βουλόμενόν
282 2431 324 2492 γε
335 2407 550 2495 Σπαρτιήτας
564 2409 737 2495 ἐξαγαγεῖν
751 2408 785 2485 ές
797 2403 860 2493 τήν
871 2401 994 2490 Ἀσίην,
1009 2407 1065 2470 λέ-

55 2531 107 2593 γει
130 2501 162 2572 δ’
188 2497 238 2572 οέν
261 2511 365 2593 τριῶν
389 2513 508 2593 μηνῶν
531 2504 597 2592 φάς
619 2503 704 2574 εἶναι
728 2502 791 2591 τήν
814 2501 949 2571 όινοδον.
982 2498 1001 2569 ὁ
1029 2498 1065 2568 δὲ

56 2602 257 2690 ὑπαρπάσας
277 2600 338 2672 τόν
363 2605 537 2672 έπίλοιπον
557 2604 678 2689 λόγον,
710 2599 770 2669 τόν
792 2598 811 2669 ό
829 2597 1065 2685 Ἀρισταγόρης

58 2700 192 2791 ὥρμητο
209 2703 322 2788 λέγειν
335 2703 411 2786 περὶ
430 2709 488 2789 τῆς
504 2698 603 2789 ὁδοῦ,
627 2701 713 2770 εἶπε·
746 2695 786 2770 Ὦ
802 2704 889 2782 ξεῖνε
904 2696 1064 2785 Μιλήσιε,

55 2800 269 2871 ἀπαλλάσσεο
284 2801 321 2869 έιι
330 2799 491 2889 Σπάρτης
505 2799 570 2890 πρό
588 2803 710 2882 δόντος
724 2799 839 2889 ἡλίου·
862 2795 985 2866 οὑδένα
1000 2793 1064 2882 γδρ

55 2901 161 2986 λόγον
174 2894 297 2966 εὑεπέα
307 2901 414 2984 λέγεις
424 2903 731 2986 Λακεδαιμονίοισι,
744 2899 874 2966 ἐθέλων
883 2897 987 2982 σφέας
999 2888 1066 2962 άπό

54 3000 231 3086 θαλάσσης
249 3005 356 3085 τριῶν
369 3006 488 3085 μηνῶν
508 2998 590 3069 ὁδόν
610 2998 758 3087 ἀγαγεῖν.
786 2994 805 3066 ὁ
823 2998 886 3083 μὲν
900 2994 941 3082 δή
956 3002 1063 3062 Κλεο-
1080 3016 1110 3066 51

55 3105 159 3189 μένης
179 3103 284 3167 ταῦτα
307 3105 401 3176 είπας
419 3095 472 3185 ήιε
492 3100 526 3177 ές
548 3096 589 3167 τά
610 3104 715 3184 offla,
737 3094 755 3164 ὁ
777 3097 815 3165 δὲ
831 3091 1066 3181 Ἀρισταγόρης

57 3193 173 3287 λαβιδν
194 3200 364 3282 ἱκετηρίην
389 3192 442 3282 ἤιε
469 3196 503 3275 ἐς
526 3201 588 3264 τοῦ
608 3197 832 3280 Κλεομένεος,
858 3188 1009 3260 έσελθτόν
1031 3189 1066 3259 δὲ

55 3304 124 3368 ἔσω
151 3293 210 3362 ἅτε
234 3292 395 3362 ίιιετεόων
420 3295 605 3362 έπαιιοὺστι
626 3295 760 3362 ἐκέλευε
779 3287 841 3359 τόν
863 3291 1066 3374 Κλεομένεα,

55 3393 303 3478 ἀποπέμψαντα
316 3388 354 3458 τό
365 3395 517 3460 παιδίον·
539 3392 762 3479 ποοσεστήιῐεε
773 3387 838 3477 γὰρ
850 3387 891 3476 δή
902 3395 948 3479 τῷ
959 3393 1067 3456 Κλεο-
