2378 3840
339 182 425 238 ΗΒ.
455 181 492 238 V.
526 177 623 238 CAP.
657 185 798 244 94—9&
1028 180 1070 244 49

62 349 169 407 ναῖοι·
193 335 255 407 οὐκ
271 341 517 426 ἐνδεκομένοισι
535 340 574 408 δέ
586 358 647 426 σφι
674 341 812 412 δέδοκτο
837 345 873 412 έκ
889 351 950 412 τοῦ
964 367 1071 430 φανε·

62 446 127 529 ροῦ
141 453 226 508 τοῖσι
239 442 388 530 Πέρσησι
403 447 583 527 πολεμίους
595 439 689 509 εἶναι.

147 542 332 631 Νομίζονσι
357 535 397 624 δὴ
420 539 600 605 ταῦτακαὶ
623 541 913 625 διαβεβλημένοισι
936 540 970 617 ές
991 534 1070 617 τούς
1085 543 1121 603 97

61 639 195 723 Πέρσας
209 637 247 704 έν
260 634 367 726 τούτω
382 632 422 722 δὴ
439 641 485 725 τῷ
500 640 606 725 καιρῷ
621 631 639 703 ὁ
655 634 823 721 Μιλήσιος
835 633 1070 723 Ἀρισταγόρης

60 731 130 802 ὑπό
151 735 358 820 Κλεομένεος
384 741 446 802 τοῦ
469 736 739 819 Λακεδαιμονίου
764 737 930 814 ἐξελαθεὶς
955 737 991 802 έκ
1013 741 1070 819 τῆς

61 833 222 920 Σπάρτης
232 830 368 901 άπίκετο
382 834 415 911 ές
425 828 587 918 Ἀθήνας·
607 829 692 918 αὕτη
703 829 768 918 γάρ
779 829 800 919 ἡ
811 833 908 912 πόλις
919 839 986 917 τῶν
997 841 1070 901 λοι-

60 932 155 999 πέωυ
168 928 371 998 ἐδυνάστευε
383 933 549 1016 μέγιστον.
574 925 728 997 ἐπελθόν
739 931 776 996 δέ
790 932 842 998 έπλ
855 927 915 998 τόν
931 926 1068 1018 δῆμονδ

56 1027 294 1118 Ἀρισταγόρης
309 1023 412 1095 ταύτά
428 1033 520 1112 ἔλεγε
534 1023 574 1094 τά
590 1028 645 1093 καὶ
660 1028 696 1093 έν
707 1033 746 1115 τῇ
757 1026 898 1115 Σπάρτη
913 1029 1068 1114 περὶτῶν

60 1125 287 1213 ἀγαθῶντῶν
303 1125 340 1192 έν
354 1130 394 1212 τῇ
405 1121 496 1211 Ἀσίη
510 1124 566 1191 καί
576 1129 638 1190 τοῦ
651 1125 800 1208 πολέμου
813 1129 875 1191 τοῦ
884 1132 1066 1212 Περσικοῦ,

61 1222 107 1302 ὡς
121 1220 199 1291 οὔτε
211 1219 335 1291 άσπίδα
350 1220 427 1290 οὕτε
442 1221 527 1307 δόρυ
542 1224 725 1307 νομίζουσι,
740 1217 889 1300 εὐπετέες
901 1248 936 1289 τε
948 1248 1068 1310 χειρω-

60 1329 165 1409 θῆναι
180 1329 305 1406 είησαν.
328 1317 433 1387 ταῦτά
447 1344 482 1386 τε
497 1315 537 1405 δη
554 1324 646 1405 ἔλεγε
657 1319 712 1386 καί
722 1316 807 1405 πρὸς
818 1333 902 1387 τοῖσι
917 1319 1005 1405 τάδε,
1023 1316 1068 1398 ὡς

59 1427 95 1492 οί
104 1419 269 1508 Μιλήσιοι
280 1425 348 1486 τῶν
360 1415 550 1504 Ἀθηναίων
562 1419 625 1486 είσδ
635 1415 781 1501 άποικοι,
794 1419 850 1484 καί
861 1417 952 1496 οἰκός
962 1438 1067 1504 σφεας

60 1531 111 1608 είη
125 1519 270 1609 βόεσθαι
284 1519 496 1605 δυναμένους
511 1519 605 1604 μέγα.
633 1519 689 1585 καί
703 1515 804 1611 οὐδὲν
825 1514 845 1584 ὅ
859 1544 891 1584 τι
907 1515 970 1585 οὐκ
988 1516 1067 1586 ὑπί·

57 1638 153 1705 σχετο
169 1611 223 1684 οἷα
236 1615 343 1703 κάρτα
357 1615 531 1701 δεόμενος,
544 1613 606 1692 έςό
618 1612 775 1683 άνέπεισέ
781 1636 895 1702 σφεας.
919 1612 1065 1694 πολλοὺς

59 1717 124 1808 γάρ
140 1717 210 1786 οἶκε
225 1714 310 1785 εἶναι
326 1713 565 1800 εὐπετέστερον
579 1713 773 1803 διαβάλλειν
789 1711 811 1802 ἢ
825 1718 901 1802 ἕνα,
919 1723 948 1784 εἰ
957 1724 1065 1784 Κλεο-

58 1820 160 1902 μένεα
171 1815 233 1901 μδν
244 1812 305 1882 τόν
311 1814 582 1900 Λακεδαιμόνιον
593 1820 724 1899 μοῦνον
737 1809 800 1880 οὐκ
812 1809 880 1892 οἷός
888 1840 924 1881 τε
934 1816 1063 1898 ἐγένετο
1137 1882 1139 1886 ,

58 1921 259 2003 διαβάλλειν,
269 1928 357 2004 τρεῖς
367 1911 406 1981 δδ
418 1912 585 2000 μυριάδας
595 1909 786 1996 Ἀθηναίων
801 1912 934 1997 ἐποίησε
953 1917 1061 1978 τοῦτο.

18 2020 24 2029 “
53 2011 230 2100 Ἀθηναῖοι
242 2011 306 2097 μέν
320 2007 361 2097 δὴ
374 2007 635 2088 ἀναπεισθέντες
646 2010 852 2095 ἐψηφίσαντο
868 2017 973 2076 είκοσι
987 2009 1064 2086 νέας
1113 2014 1117 2021 ’

56 2108 248 2179 ἀποστεῖλαι
263 2104 534 2194 βυηθοδςἼωσι,
559 2104 746 2195 στρατηγόν
765 2103 983 2186 άποδέξαντες
1000 2103 1065 2174 αὐ·
1093 2099 1102 2110 ”

56 2213 124 2274 τῶν
139 2203 224 2274 εἶναι
235 2205 439 2274 Μελάνθιον
450 2202 559 2292 άνδρα
573 2210 642 2271 τῶν
657 2201 769 2271 ιἰοτῶν
783 2202 881 2272 ἐόντα
897 2202 938 2270 τὰ
954 2202 1063 2271 πάντα

56 2303 206 2390 δόκιμον.
230 2293 329 2370 αόται
350 2304 386 2370 δὲ
401 2307 439 2370 αί
450 2304 522 2381 νέες
541 2299 624 2388 άρηὴ
640 2307 754 2369 κακοῖν
768 2303 922 2386 ἐγένοντο
929 2299 1067 2388 Ἕλλησί

55 2427 90 2470 τε
104 2403 160 2470 καί
173 2402 383 2489 βαρβάροισι.
402 2399 639 2490 Ἀρισταγόρης
650 2402 687 2469 δὲ
697 2400 898 2489 προπλώσας
913 2404 968 2470 καὶ
983 2399 1062 2469 άπι-
1076 2413 1112 2470 98

55 2499 197 2586 κόμενος
218 2501 252 2578 ές
272 2497 333 2586 τὴν
356 2506 527 2586 Μίλητον,
559 2499 705 2588 έξευρέιν
725 2499 913 2587 βούλευμα,
940 2497 998 2566 ἀπ’
1019 2493 1061 2567 οὗ

56 2595 149 2666 Ἴωσι
162 2597 225 2683 μὲν
235 2594 375 2683 οάδεμία
386 2604 501 2684 ἔμελλε
523 2593 649 2682 άφελίη
671 2603 806 2665 ἔσεσθαι
818 2595 907 2683 (οὐδ’
922 2591 970 2678 όν
981 2596 1061 2667 οὐδὲ

55 2694 177 2761 τούτου
191 2697 320 2761 εἵνεκεν
333 2696 458 2782 ἐποίεε,
481 2692 555 2764 ἀλλ’
581 2693 668 2774 ὅκως
684 2699 826 2782 βασιλέα
836 2705 984 2784 Δαρειον
999 2707 1061 2767 λυ-

10 2826 14 2831 ·
10 2793 195 2881 στήσειε),
209 2797 364 2880 ἔπεμψ’
348 2820 381 2873 ες
393 2821 456 2882 την
463 2801 618 2883 Φρυγίην
631 2793 739 2881 ἄνδρα
756 2797 810 2864 έπί
823 2794 901 2876 τούς
910 2804 1061 2878 Παίονας

10 2886 19 2933 '
53 2889 132 2969 τούς
148 2887 213 2958 άπδ
229 2892 429 2981 Στρυμόνος
445 2900 597 2981 ποταμοῦ
616 2894 843 2980 αἰχμαλώτους
856 2900 1060 2982 γενομένους

52 2985 118 3057 ὑπό
136 2990 357 3078 Μεγαβάζου,
373 2999 542 3072 οἰκέοντας
557 2995 646 3061 δέ
607 3020 664 3113 της
675 3000 825 3081 Φρυγίης
834 2993 944 3082 χωρόν
955 3023 990 3064 τε
1004 3001 1060 3065 καί

52 3087 171 3173 κόμην
185 3085 271 3154 ἐπ’
254 3097 391 3157 εωυταῑν
398 3088 459 3176 ,ὃς
484 3093 591 3159 ἐπείτε
610 3088 745 3159 άπίκετο
762 3092 795 3169 ές
809 3088 1058 3179 τοδςΠαίυυας,

49 3188 145 3270 έλεγε
160 3183 254 3251 τάδε
285 3184 424 3271 ’Ἀνδρες
437 3194 597 3272 Παίονες,
622 3189 749 3275 ἔπεμψέ
767 3215 808 3274 με
824 3186 1060 3278 Ἀρισταγόρης

48 3280 68 3352 ὁ
86 3281 245 3369 Μιλήτου
260 3285 427 3374 τύραννος
441 3296 608 3376 σωτηρίην
624 3288 706 3376 ὑμῖν
722 3285 1021 3414 υποθησόμενον,”
998 3326 1059 3385 ην-

49 3409 115 3472 περ
127 3383 302 3535 βοάληοῖε
312 3394 501 3459 πείθεσθαι.
520 3396 586 3458 νῦν
596 3388 661 3479 γάρ
672 3388 778 3477 Ἰωνίη
789 3396 880 3458 πᾶσα
894 3389 1058 3480 ἀπέστηκε

137 3494 228 3533 utnon
901 3492 919 3541 4
