2378 3840
176 148 180 164 ⁸
306 191 833 253 ιιο.νιιι.οκε.ωε-ιιε
1010 190 1161 254 277·

66 353 103 421 δέ
118 358 186 421 τῶν
203 359 413 421 Πλαταιικῶν
432 351 629 436 καὶμᾶλλον
650 355 696 418 έτι
710 349 909 440 γενόμενος,
931 358 1016 440 ἔχων
1036 355 1070 433 ἓξ

66 451 231 539 μυριάδας
244 458 388 538 στρατοῦ
403 457 465 518 τοῦ
476 447 672 534 Μαρδόνιος
687 452 864 538 ἐξελέξατο,
878 455 1069 540 προέπεμπε

65 551 203 636 βασιλέα
217 551 310 635 μέχρι
326 555 386 616 τοῦ
401 546 519 635 πόρου.
551 544 596 624 ὡς
609 548 646 614 δὲ
660 543 678 614 5
694 548 756 634 μέν
769 543 815 633 ἦν
829 551 867 617 έν
879 557 920 639 τῇ
933 548 1033 640 Ἀσίη,
1050 548 1067 619 5

66 645 103 715 δὲ,
118 642 223 713 ὀπίσω
238 643 465 733 πορευόμενος
480 643 563 712 κατά
578 641 640 732 τὴν
656 645 838 734 Παλλήνην
852 651 996 736 ἐγίνετο,
1012 648 1070 717 ότε

69 747 267 830 Μαρδονίου
282 770 318 813 τε
332 749 573 831 χειμερίζοντος
585 745 660 830 περὶ
675 751 861 830 Θεσσαλίην
872 771 908 814 τε
922 747 978 814 καί
988 753 1069 813 Μα-

65 848 222 931 κεδονίην
237 847 292 912 καὶ
306 842 407 912 οὐδέν
426 868 475 912 κω
497 848 750 931 κατεπείγοντος
762 840 858 928 ἥκειν
880 847 913 922 ές
932 843 969 912 τό
986 842 1067 912 άλλο

27 973 34 985 =
65 941 307 1028 στρατόπεδον,
336 940 398 1010 ούιι
419 937 734 1027 έδικαίουέντυχύυ
760 938 943 1011 ἀπεστεῶσι
965 951 1068 1012 Ποτι-

65 1039 217 1129 δαιητησι
228 1037 273 1127 μη
286 1037 349 1108 ούιι
359 1043 706 1127 έξανδραποδίσασθαί
716 1057 828 1126 σφεας.
850 1044 885 1108 oc
891 1037 956 1128 γάρ
966 1049 1068 1108 Ποτι·

65 1143 206 1224 δαιῆται,
224 1135 268 1216 ὡς
278 1135 435 1225 βασιλεύς
445 1135 706 1224 παρεξεληλάκεε
718 1139 772 1204 καὶ
784 1132 802 1204 5
814 1134 972 1217 ναυτικὸς
983 1151 1068 1206 τοῖσι

66 1239 215 1325 Πέρσησι
229 1236 363 1321 οίχοόκεε
379 1237 517 1324 φεύγων
529 1238 566 1305 έκ
575 1243 633 1322 τῆς
644 1243 852 1322 Σαλαμῖνος,
874 1237 910 1304 έκ
927 1242 988 1304 τού
1001 1263 1068 1323 φα-

64 1342 167 1418 νεροῦ
184 1333 374 1404 ἀπέστασαν
391 1332 456 1404 ἀπό
477 1335 757 1423 τῶνβαρβάρων·
787 1333 831 1413 ιδς
845 1335 881 1402 δὲ
896 1337 952 1402 καὶ
967 1327 1065 1403 ύλλοι

64 1438 97 1502 ολ
106 1430 356 1520 τηνΠαλληνην
367 1438 506 1519 ἔχοντες.
525 1431 692 1501 Ἐνθαύτα
703 1429 743 1520 δη
756 1429 1069 1522 δἈρτάβαζοςέπο-
1087 1446 1134 1502 1λ7

63 1533 194 1616 λιόρκεε
214 1529 277 1617 τὴν
286 1534 479 1599 Ποτίδαιαν.
510 1528 723 1608 ὑποπτεύσας
740 1529 776 1598 δὲ
791 1533 846 1599 καὶ
859 1528 938 1610 τούς
948 1529 1067 1600 Ὀλυν-

63 1639 163 1709 θίους
176 1627 379 1697 ἀπίστασθαι
394 1625 460 1697 άπδ
475 1632 642 1717 βασιλέος,
658 1630 713 1696 καὶ
727 1627 853 1715 ταύτην
864 1630 1064 1717 έπολιόρκεε.

64 1727 152 1814 εἶχον
169 1729 207 1794 δὲ’
217 1723 324 1812 αὐτὴν
333 1735 500 1794 Βοττιαῖοι
517 1730 551 1793 oc
565 1729 601 1793 έκ
614 1731 675 1792 τοῦ
687 1733 856 1812 Θερμαίου
868 1728 998 1797 κόλπου
1015 1730 1067 1808 ἐξ·

64 1824 266 1903 αυαστάντες
280 1821 347 1893 ὑπό
359 1825 581 1893 Μακεδόνων
605 1826 674 1891 έπελ
685 1826 725 1892 δέ
735 1843 839 1909 σφεας
851 1821 916 1894 εἷλε
927 1834 1067 1912 πολιορ-

64 1930 166 2011 κέων,
183 1925 366 2009 κατέσφαξε
382 1919 553 2008 έξαχαχων
565 1925 598 1998 ές
615 1926 753 2008 λίμνην,
769 1918 832 2008 την
843 1926 880 1990 δὲ
890 1923 991 1991 πόλιν
1001 1949 1067 1990 πα-

63 2020 416 2112 ραδιδοῖΚριτοβούλω
426 2026 605 2111 Τορωναίω
615 2018 846 2107 έπιτροπευειν
856 2024 910 2088 καλ
920 2047 965 2087 τω
951 2027 1066 2089 Χαλ-

63 2125 179 2211 κιδικηὸ
193 2121 299 2206 μένετ’,
315 2117 428 2187 καλ”
386 2144 474 2187 ουτω
483 2109 652 2187 ’Όλυνθον
661 2108 848 2196 Χαλκιδέες
852 2123 959 2203 ἔσχον
979 2116 1066 2198 ’-Εξε
1082 2126 1134 2182 128

61 2217 132 2289 λων
152 2188 189 2285 δὲ
209 2217 334 2304 ταύτην
355 2214 373 2285 5
392 2215 587 2305 Ἀρτάβαζος
608 2243 648 2304 τη
633 2218 824 2304 Ποτιδαίη
844 2219 1066 2303 ἐντεταμένως

61 2330 229 2405 προσεῖχε,
251 2318 446 2403 προσέχοντι
467 2322 505 2384 δέ
523 2321 558 2384 ολ
571 2314 757 2402 προθύμως
772 2321 965 2384 συντίθεται
979 2337 1065 2397 προ-

62 2421 180 2500 δοσίην
197 2415 390 2499 Τιμόξεινος
403 2412 421 2484 5
436 2422 504 2483 τῶν
516 2420 718 2484 Σκιωναίων
732 2419 929 2500 στρατηγός,
947 2412 1063 2482 όντινα

62 2515 123 2581 ιιὲν
137 2511 264 2599 τρόπον
279 2510 395 2599 άρχην,
414 2517 517 2597 ἔγωγε
533 2509 596 2578 ούκ
608 2517 670 2596 έχω
685 2516 790 2579 εἰπεῖν
808 2508 861 2576 ὀύ
871 2509 935 2597 χδρ
950 2505 998 2578 όν
1009 2514 1064 2578 λε’-

60 2623 186 2700 χεται,
204 2614 297 2688 τέλος
310 2613 424 2698 μέντοι
439 2609 552 2678 τοιάδε
566 2604 752 2694 έμίνετο·”
732 2632 818 2684 οκως
832 2614 964 2694 βιβλίον
978 2608 1065 2694 χρά-

61 2723 134 2792 ψειε
153 2736 174 2796 η
160 2705 388 2794 “Τιμόξειυος
410 2707 538 2776 ἐθέλων
557 2701 648 2791 παρὰ
670 2702 869 2793 Ἀρτάβαζον
889 2708 1017 2823 πέμψαι
1042 2701 1064 2791 η’

56 2805 253 2895 Ἀρτάβαζος
267 2831 357 2893 παρα
345 2803 580 2892 Τιμόξεινον,
598 2801 797 2889 τοξεύματος
809 2800 900 2887 παρά
911 2800 969 2881 τὰς
980 2813 1067 2890 χλυέ

59 2908 159 2988 φίδας
178 2908 434 2992 περιειλίξαντες
450 2905 505 2971 καὶ
527 2901 756 2990 πτερώσαντες
776 2898 813 2968 τό
834 2907 967 2988 βιβλίον
991 2902 1064 2970 έτό·

59 3005 158 3080 ξενον
174 3003 207 3081 ές
221 3008 442 3090 συγκείμενον
456 3008 588 3090 χωρίον.
613 2998 765 3078 έπάῐστος
777 3001 813 3068 δέ
827 3000 985 3085 έχένετο’
970 3028 988 3070 ο
1004 3008 1063 3068 Τι-

59 3097 210 3183 μόξεινος
224 3098 408 3186 προδιδούς
423 3098 485 3187 τὴν
498 3103 691 3167 Ποτίδαιαν.
713 3098 860 3178 τοξεύων
874 3097 939 3186 γάρ
956 3095 974 3167 5
986 3097 1063 3187 Ἀρ-

61 3195 196 3280 τάβαζος
209 3198 241 3273 ές
255 3193 291 3264 τδ
308 3204 540 3284 συγκείμενον,
559 3193 718 3284 ἆμαρτοδν
728 3202 790 3263 τού
800 3205 924 3284 χωρίου
938 3198 1063 3266 τούτου

57 3291 173 3378 βάλλει
188 3287 311 3378 άνδρός
324 3295 551 3383 Ποτιδαιήτεω
564 3293 625 3362 τόν
641 3286 750 3380 νόμον,
765 3288 825 3361 τόν
843 3299 879 3363 δὲ
893 3299 1062 3383 βληθέντα

59 3394 255 3478 περιέδραμε
275 3391 406 3483 όμιλος,
427 3391 481 3465 οἷα
496 3397 604 3481 φιλέει
624 3399 780 3480 γίνεσθαι
801 3397 839 3463 έν
853 3398 1011 3485 πολέμῳ,
1029 3403 1065 3461 οἳ
