2378 3832
113 157 177 222 312
494 156 744 215 HERODOTI

113 322 289 402 ἐκλείπετε,
306 318 462 403 μένοντές
478 340 511 382 τε
526 309 547 402 ἡ
560 311 726 382 ἀπόλλυτε
739 313 818 394 τοὺς
834 315 1049 409 ἐναντίουςῆ
1064 318 1120 389 αὑ·

113 420 163 485 τοὶ
181 412 385 484 ἀπόλλυσθε.
414 420 481 480 τόν
496 409 527 478 δ’
545 409 599 497 ἀρ’
616 405 660 497 ἦν
676 408 777 479 οὐδὲν
791 409 926 500 ἀληθές.
959 415 1045 506 πρὶν
1061 416 1123 504 χιὶρ

113 511 135 602 ἡ
150 515 308 600 συμμίξαι
323 508 426 598 ἡμέας
442 512 474 588 ἐς
490 516 611 596 χειρῶν
626 535 660 576 τε
675 510 781 596 νόμον
796 508 999 602 ἀπικέσθαι,
1016 519 1073 584 καί
1087 514 1124 602 δή

114 611 302 701 φεύγοντας
312 611 367 677 καί
376 608 471 690 τάξιν
482 612 694 688 ἐκλείποντας
704 606 807 697 ὑμέας
815 615 962 700 είδομεν,
973 618 1013 683 ἐν
1025 612 1126 702 Ἀθη-

113 714 240 778 ναίοιυί
254 733 288 773 τε
303 704 365 791 τήν
385 707 574 793 πρόπειραν
589 711 811 792 ποιευμένους
829 705 956 790 αὐτούς
975 738 1014 780 τε
1031 711 1127 782 ἀντία

114 807 247 877 δούλων
258 811 326 872 τῶν
336 802 509 892 ἡμετέρων
518 810 753 894 τασσομένους.
776 815 881 878 ταῦτα
893 809 1055 900 οὐδαμῶς
1065 811 1123 882 ἀν-

115 911 206 995 δρῶν
221 903 361 990 ἀγαθῶν
376 911 464 992 έρχα.
491 903 576 975 ἀλλὰ
588 915 743 976 πλεῖστον
755 905 796 995 δὴ
808 910 846 976 έν
857 906 941 994 ὑμίν
952 910 1125 998 ἐψεύσθη-

114 1032 185 1095 μεν.
217 1004 480 1092 προσδεκόμενοι
498 1003 563 1091 γὰρ
585 1002 668 1072 κατὰ
689 1007 783 1084 κλέος
801 1003 846 1084 ὡς
866 1004 908 1094 δὴ
928 1011 1125 1095 πέμψετεές

113 1102 217 1193 ἡμέας
237 1103 368 1189 κήρυκα
390 1103 657 1190 προκαλεόμενοι
674 1105 728 1172 καλ
748 1105 952 1192 βουλόμενοι
965 1108 1125 1195 μούνοισι

113 1205 262 1289 Πέρσῃσι
283 1201 468 1286 μα’χεσθαι,
494 1199 603 1287 ἀρτιοι
625 1199 736 1278 ἐόντες
755 1204 882 1270 ποιέειν
901 1211 1010 1272 ταῦτα
1025 1203 1123 1273 οὐδὲν

115 1304 246 1369 τοιοῦτο
258 1299 417 1383 λέγοντας
431 1296 534 1385 ὑμέας
545 1298 700 1385 εὕρομεν,
715 1295 799 1367 ἀλλά
812 1300 1031 1384 πτώσσοντας
1040 1313 1122 1391 μᾶλ

115 1411 185 1471 λον.
208 1405 274 1467 νῦν
290 1390 338 1466 ἀν
353 1397 465 1485 ἐπειδή
481 1397 543 1466 οὐκ
560 1396 652 1485 ὑμεῖς
667 1395 786 1486 ἤρξατε
798 1399 923 1468 τούτου
933 1402 1123 1490 τοῦλόγου,

116 1497 190 1570 ἀλλ’
213 1495 307 1585 ἡμεῖς
328 1497 480 1585 ἄρχομεν.
521 1504 554 1565 τί
572 1495 612 1582 δή
634 1493 675 1562 οὑ
699 1494 764 1582 πρὸ
782 1497 844 1584 μέν
866 1504 935 1566 τόν
952 1497 1123 1590 Ἑλλήνων

116 1593 221 1682 ὑμεῖς,
246 1598 352 1661 ἐπείτε
370 1595 559 1675 δεδόξωσθε
575 1592 660 1661 εἶναι
672 1591 812 1682 ἀριστοι,
828 1593 893 1684 πρὸ
906 1597 945 1666 δέ
957 1604 1030 1667 τῶν
1040 1607 1124 1688 βαρ-

115 1691 230 1781 βάρων
241 1689 344 1779 ἡμεῖς,
357 1701 425 1760 ίσοι
436 1690 521 1781 πρὸς
532 1701 626 1772 ίσονς
637 1689 787 1779 ἀριθμὸν
799 1695 1054 1781 ἐμαχεσάμεθας
1071 1699 1124 1765 καλ

113 1787 156 1880 ἡν
178 1795 241 1878 μὲν
258 1793 357 1879 δοκέῃ
373 1794 426 1859 καί
442 1789 521 1871 τοὺς
537 1789 660 1871 ἀλλους
674 1791 857 1879 μάχεσθαι,
879 1799 912 1864 οί
925 1794 959 1862 δ’
978 1788 1030 1864 τόν
1047 1823 1124 1883 μιτ-

106 1891 244 1957 ·έπειτεν
264 1890 442 1976 μαχέσθων
458 1887 607 1974 ὕστεροι·
641 1893 671 1956 εί
692 1888 727 1956 δὲ
747 1889 803 1956 καί
824 1885 870 1976 μή
891 1894 1022 1980 δοκέοι,
1048 1890 1122 1963 ἀλλ’
1157 1946 1169 1969 .

113 1988 216 2081 ἡμέας
231 1991 380 2077 μούνους
395 1989 563 2077 ἀποχρᾶν,
579 1988 672 2075 ἡμεῖς
686 1992 722 2056 δὲ
734 1990 1021 2076 διαμαχεσάμεθα·
1044 1990 1120 2062 ὁκό-
1154 2006 1161 2019 ’

113 2116 204 2175 τεροι
220 2088 250 2156 δ’
272 2085 317 2156 ἀν
334 2086 445 2176 ἡμέων
459 2087 636 2174 νικήσωσι,
660 2085 799 2166 τούτους
813 2093 860 2178 τῷ
881 2086 1005 2157 ἀπαντι
1020 2111 1125 2175 στρα-

68 2204 98 2257 ι9
116 2192 243 2279 τοπέδμ
259 2195 366 2256 νικᾶν.
406 2185 444 2256 ‘0
457 2188 519 2274 μὲν
534 2192 637 2253 ταῦτα
652 2193 746 2263 είπας
765 2210 799 2252 τε
814 2185 869 2252 καλ
884 2182 1032 2272 έπισχιὺν
1045 2187 1125 2274 χρό-

113 2315 186 2374 νον,
206 2287 250 2367 ἀς
262 2293 296 2357 οί
304 2285 414 2365 οὐδεὶς
426 2284 527 2352 οὐδὲν
538 2283 746 2368 ὑπεκρίνετο,
762 2279 993 2351 ἀπαλλάσσπο
1003 2281 1124 2373 ὀπίσω,

114 2381 275 2455 ἀπελθόν
291 2385 327 2449 δὲ
342 2382 498 2468 ἐσήμαινε
515 2385 701 2472 Μαρδονίῳ
721 2378 760 2448 τά
779 2379 1020 2468 καταλαβόντα.
1051 2381 1071 2450 ὁ
1090 2385 1126 2451 δέ

114 2483 293 2570 περιχαρής
303 2481 484 2567 γενόμενος
495 2484 549 2548 καὶ
558 2480 731 2566 ἐπαερθείς
741 2485 852 2568 ψυχρή
862 2485 939 2568 νίκή
948 2482 1052 2567 ἐπήκε
1063 2479 1126 2568 τήν

114 2588 218 2651 ἵππον
240 2583 291 2649 ἐπλ
313 2578 392 2659 τοὺς
406 2579 576 2666 Ἕλληνας.
613 2577 659 2658 ὡς
672 2581 708 2648 δὲ
729 2579 900 2665 ἐπήλασαν
921 2582 955 2647 οί
970 2579 1125 2667 ἱππόται,

114 2684 263 2750 ἐσίνοντο
279 2687 391 2746 πᾶσαν
405 2677 467 2764 τὴν
483 2675 641 2763 στρατιήν
657 2674 717 2763 τήν
733 2673 930 2763 Ἑλληνικήν
946 2678 1126 2746 ἐσακοντί-

115 2779 222 2859 ζοντές
239 2802 274 2844 τε
296 2781 350 2843 καί
372 2777 601 2856 έστοξεόοντες
623 2774 706 2842 ὥστε
725 2771 937 2853 ίπποτοξόται
952 2798 988 2840 τε
1009 2773 1126 2856 ἐόντες

114 2877 168 2942 καὶ
183 2875 435 2960 προσφέρεσθαι
458 2871 588 2960 ἄποροι.
622 2873 684 2959 τήν
704 2899 740 2940 τε
759 2873 889 2959 κρήνην
907 2868 970 2959 τὴυ
984 2879 1126 2962 ΓαργαΗ

113 2979 211 3060 φίην,
227 2966 285 3038 ἀπ’
298 2961 338 3058 ἡς
355 2968 514 3057 ὑδρεύετο
531 2978 599 3038 πᾶν
612 2969 650 3038 τό
662 2970 850 3058 στράτευμα
864 2968 901 3039 τὸ
911 2969 1125 3062 Ἑλληνικόν,

113 3069 342 3155 συνετάραξαν
353 3071 408 3138 καί
418 3073 621 3155 συνέχωσαν.
636 3061 724 3155 ἦσαν
735 3070 797 3155 μὲν
809 3062 858 3136 ἀν
867 3066 950 3136 κατὰ
961 3067 1025 3156 τήν
1037 3073 1126 3158 κρή-

113 3195 177 3256 υην
192 3169 453 3255 Λακεδαιμόνιοι
473 3169 665 3254 τεταγμένοι
679 3174 817 3254 μοῦνοι,
839 3182 924 3235 τοῖσι
938 3170 975 3236 δέ
989 3165 1124 3237 ἄλλοισι

113 3263 249 3352 Ἕλλησι
263 3263 283 3352 ἡ
299 3266 361 3351 μέν
376 3265 483 3355 κρήνη
499 3263 614 3353 πρόσω
632 3267 775 3352 ἐγένετο,
795 3263 839 3344 ὡς
854 3267 986 3334 ἕκαστοι
1001 3271 1124 3353 έτυχον

111 3365 321 3456 τετανμένοι,
337 3362 355 3433 ὁ
369 3367 405 3436 δλ
419 3362 566 3445 Ἀσωπδς
577 3361 699 3452 ἀγχοῦ·
722 3364 922 3455 ἐρυκόμενοι
931 3359 1046 3437 δὲ’ἀπὺ
1058 3373 1123 3438 τοῦ
