2378 3840
319 184 402 240 LIB.
435 183 470 240 V.
504 184 604 242 CAP.
637 192 769 248 61-65
1012 186 1054 249 29

43 350 145 432 δρῶν.
169 343 337 429 πέμπουσι
354 341 391 410 δὲ
404 340 545 420 τούτους
559 339 642 409 κατὰ
659 344 837 414 θάλασσαν
851 357 1005 421 πλοίοισι.
1028 351 1047 424 δ

42 447 105 534 μὲν
129 441 170 530 δὴ
191 439 370 528 προσσχοδν
394 444 428 520 ἐς
448 441 608 528 Φάληρον
628 440 691 529 τὴν
711 444 869 533 στρατιὴν
892 446 1047 539 ἀπέβησε,

42 548 76 614 οἱ
96 544 134 613 δὲ
160 544 429 628 Πεισιστρατίδαι
456 541 777 627 προπυνθανόμενοι
800 551 905 612 ταῦτα
928 548 1048 616 ἐπεκα-

41 647 159 712 λέοντο
183 642 220 708 ἐκ
244 644 427 725 Θεσσαλίης
453 641 665 725 ἐπικουρίην·
695 642 869 729 ἐπεποίητο
895 645 960 733 γάρ
986 666 1048 732 σφι

40 742 210 826 συμμαχίη
233 733 318 820 πρὸς
344 732 476 814 αὐτούς.
529 740 691 805 Θεσσαλοὶ
713 740 751 805 δέ
772 759 833 825 σφι
860 746 1046 828 δεομένοισι

10 892 12 927 ÷
39 835 242 921 ἀπέπεμψαν
262 840 360 924 κοινῇ
375 831 493 922 γυόμη
509 833 684 919 χρεόμενοι
700 842 809 922 χιλίην
823 865 858 906 τε
872 843 977 908 ἵππου
990 846 1046 910 καλ

39 935 102 1006 τὸν
116 934 254 1024 βασιλέα
267 929 328 1001 τόν
341 935 507 1020 σφέτερον
516 935 644 1018 Κινέην
654 931 762 1020 ἀνδρα
768 942 947 1004 Γονναῑον·
965 936 1044 1018 τούς

39 1041 149 1106 ἐπείτε
170 1040 268 1120 έσχον
278 1032 473 1120 συμμάχους
484 1035 518 1099 οί
524 1035 809 1119 Πεισιστρατίδαι,
824 1035 1043 1121 ἐμηχανέοντο

39 1134 168 1205 τοιάδε·
189 1138 359 1219 κείραντες
381 1137 449 1199 τῶν
466 1132 649 1216 Φαληρέων
669 1128 706 1197 τὸ
729 1136 845 1200 πεδίου
866 1137 921 1202 καλ
939 1136 1044 1204 ίππά-

39 1255 140 1321 σιμον
154 1229 352 1317 ποιήσαντες
365 1233 487 1295 τοῦτον
499 1224 561 1294 τόν
576 1234 686 1314 χῶρον
701 1231 828 1315 ἐπῆκαν
842 1238 889 1320 τῷ
905 1252 1045 1320 στρατο-
1143 1248 1146 1252 “

38 1335 129 1423 πέδφ
139 1326 332 1418 τήνῗππου·
349 1329 539 1414 ἐμπεσοῦσα
549 1327 585 1393 δέ
597 1329 770 1413 διέφθειρε
780 1324 903 1406 ἀλλους
913 1328 949 1396 δε
960 1340 1044 1399 πολ·

38 1425 120 1508 λοάς
142 1433 212 1496 τῶν
230 1428 507 1512 Λακεδαιμονίων
528 1424 584 1491 καὶ
605 1420 646 1509 δὴ
667 1426 722 1491 καὶ
744 1421 804 1492 τόν
823 1423 1042 1516 Ἀγχιμόλιον,

31 1524 118 1627 γοδς
134 1526 172 1595 δέ
188 1525 468 1611 περιγενομένους
483 1519 595 1590 αὐτῶν
609 1523 642 1600 ἐς
656 1517 715 1600 τοὶς
728 1525 806 1602 νέας
821 1527 992 1610 κατέρξαν.
1023 1525 1040 1594 ὁ

37 1615 100 1714 μὲν
115 1621 157 1712 δὴ
174 1629 305 1707 πρῶτος
318 1620 435 1700 στόλος
446 1622 483 1688 ἐκ
493 1623 744 1704 Λακεδαίμονος
757 1618 847 1689 οὕτω
864 1619 1040 1710 ἀπήλλαξε,

37 1725 92 1792 καὶ
105 1719 315 1808 Ἀγχιμολίου
331 1722 393 1787 είσλ
402 1722 504 1804 ταφαὶ
514 1724 573 1803 τῆς
582 1714 727 1803 Ἀττικῆς
736 1714 957 1808 Ἀλωπεκησι,
979 1718 1042 1807 ἀγ-

37 1828 101 1910 χοῦ
117 1827 177 1889 τοῦ
192 1817 390 1905 Ἡρακλείου
408 1823 470 1885 τοῦ
484 1818 521 1885 ἐν
537 1815 759 1902 Κυνοσάργει.
801 1816 898 1885 Μετά
916 1820 952 1885 δέ
967 1826 1039 1886 Λα-
1053 1822 1090 1877 64

36 1917 243 2004 κεδαιμόνιοι
261 1919 345 2002 μέζω
365 1915 486 1984 στόλον
500 1918 686 1993 στείλαντες
700 1910 899 2000 ἀπέπεμψαν
913 1918 965 1983 ἐπὶ
981 1914 1040 1995 τάς

33 2016 194 2106 Ἀθήνας,
216 2011 403 2102 στρατηγόν
418 2019 474 2099 τῆς
493 2019 647 2098 στρατιῆς
662 2009 880 2091 ἀποδέξαντες
901 2016 1040 2098 βασιλέα

37 2116 228 2202 Κλεομένεα
246 2111 307 2182 τόν
322 2109 600 2196 Ἀναξανδρίδεω,
626 2107 736 2177 οάκέτι
756 2108 840 2178 κατὰ
861 2109 1039 2178 θάλασσαν

37 2221 240 2300 στείλαντες,
262 2209 347 2280 ἀλλά
362 2207 436 2278 κατ’
454 2208 605 2294 ἤπειρον·
633 2223 717 2276 τοῖσι
732 2210 910 2294 ἐσβαλοῦσι
929 2213 962 2288 ἐς
976 2209 1038 2295 την

33 2311 182 2401 Ἀττικην
200 2309 313 2400 χώρην
333 2307 354 2398 η
376 2317 445 2378 τοῖν
461 2316 641 2378 Θεσσαλῶν
660 2312 760 2387 ἵππος
779 2306 893 2394 προόιη
914 2313 1037 2395 προσέ-

35 2419 107 2504 μιξε
127 2415 183 2482 καὶ
203 2409 246 2480 οὗ
261 2408 343 2498 μετά
364 2406 491 2478 πολλδυ
512 2410 686 2495 ἐτράπετο,
708 2414 768 2477 καί
782 2428 896 2495 σφεων
916 2415 1036 2477 ἔπεσον

35 2509 120 2598 ὑπὲρ
137 2509 381 2592 τεσσεράκοντα
395 2505 536 2595 ἀνδρας·
558 2512 593 2577 οί
605 2511 641 2576 δέ
655 2506 908 2594 περιγενόμενοι
929 2504 1036 2575 ἀπαλ-

35 2613 199 2683 λάσσοντο
215 2608 259 2689 ὡς
283 2607 371 2696 εἶχον
390 2606 470 2688 δθύς
485 2610 538 2677 ἐπὶ
559 2613 749 2694 Θεσσαλίης.
794 2609 984 2694 Κλεομένης
1000 2611 1036 2676 δέ

34 2709 236 2796 ἀπικόμενος
256 2710 289 2786 ἐς
309 2704 347 2775 τό
368 2704 452 2776 ἀστυ
472 2704 540 2793 ἅμα
556 2703 745 2792 Ἀθηναίων
766 2718 851 2775 τοῖσι
872 2709 1037 2794 βουλομέ-

34 2827 123 2876 νοισι
139 2804 225 2874 εἶναι
240 2805 448 2890 ἐλευθέροισι
463 2803 654 2887 ἐπολιόρκεε
668 2799 748 2881 τοὺς
765 2803 955 2886 τυράννους
969 2802 1035 2871 ἀπ-

34 2907 217 2993 εργμένους
231 2905 268 2971 ἐν
282 2907 327 2992 τῷ
339 2908 536 2992 Πελασγικῷ
549 2909 654 2988 τείχεϊ.
699 2903 766 2970 Καὶ
781 2899 882 2971 οὐδέν
895 2929 927 2970 τι
944 2902 1032 2969 πάν-
1045 2912 1078 2966 65

35 3030 97 3083 τως
122 2999 168 3070 ἄν
189 3003 314 3084 ἐξεῖλον
333 2997 412 3080 τοδς
429 3005 701 3088 Πεισιστρατίδας
726 3005 759 3069 oc
776 3001 1034 3087 Λακεδαιμόνιοι

36 3102 127 3192 (οὔτε
145 3097 212 3189 γάρ
232 3101 376 3187 ἐπέδρην
397 3101 792 3188 ἐπενόευνποιησασθαι,
815 3104 850 3168 οἵ
867 3127 902 3168 τε
916 3108 1034 3170 Πεισι-

36 3203 205 3289 στρατίδαι
221 3203 342 3266 σίτοισι
361 3200 416 3267 καλ
436 3214 565 3267 ποτοῖσι
587 3191 627 3267 εὖ
646 3196 948 3286 παρεσκευάδατο,
970 3224 1033 3267 πο-

35 3296 269 3384 λιορκήσαντές
282 3320 318 3362 τε
333 3290 378 3363 ἀν
390 3293 514 3383 ἡμέρας
528 3293 640 3382 ὀλίγας
656 3293 908 3366 ἀπαλλάσσοντο
923 3301 956 3377 ἐς
972 3297 1034 3387 την

35 3395 205 3487 Σπάρτην.
234 3400 300 3460 νῦν
320 3396 357 3462 δέ
378 3401 537 3481 συντυχίη
557 3410 642 3463 τοῖσι
664 3395 725 3480 μὲν
744 3393 828 3481 κακη
849 3399 1033 3484 ἐπεγένετο,
