2378 3840
320 182 405 239 ιιε.
437 183 507 240 vm.
540 180 638 239 οευ.
672 187 814 242 ιο-ικ
1006 177 1073 252 238,

63 344 261 430 ἐποιήσαντο
275 346 370 429 σφίσι
380 336 515 407 -αύτοῐσι
530 334 570 405 τά
582 337 767 425 πρήγματα.
790 338 910 408 Βάκιδι
924 337 989 426 γάρ
1003 331 1070 408 ύδε

63 446 127 529 ἔχει
143 444 219 529 περὶ
234 441 365 508 τούτων
379 435 397 508 ὁ
412 435 575 523 χρησμός·

105 537 250 626 Φράζεο,
269 535 537 626 βαρβαρόφωνος
551 529 633 602 ὅταν
645 530 750 620 ,ζυγέν
765 539 811 614 είς
826 533 891 604 άλοι
905 533 1013 623 βάλλη

102 636 291 724 Βύβλινον,
308 630 456 720 Εὐβοίης
470 629 605 719 άπέηειν
622 633 861 720 πολυμηκάδας
876 632 979 720 αίγας.

59 735 208 804 τούτοισι
223 737 260 802 δὲ
275 730 378 802 οὐδέν
390 746 476 803 τοῖσι
487 737 581 801 ἔπεσι
589 735 824 821 χρησαμένοισι
840 735 877 802 ἐν
891 747 977 802 τοῖσι
993 732 1068 802 τότε

60 837 226 919 παρεοῦσί
235 855 271 899 τε
287 833 343 898 καὶ
356 832 612 916 προσδοκίμοισι
626 843 758 898 κακοῖσι
777 838 890 918 παρῆν
904 851 965 918 σφι
979 850 1068 918 συμ-

60 936 149 1020 φορῆ
163 935 310 1016 χρῆσθαι
324 927 410 1016 πρὸς
420 928 460 997 τά
475 932 620 1017 μέγιστα.
646 935 690 1000 Οί
701 934 764 1018 μἐν
774 929 815 1019 δῆ
826 940 930 1001 ταῦτα
941 939 1109 1021 έπρησ-λι

61 1049 139 1116 σου,
161 1036 273 1116 παρῆν
288 1032 325 1098 δὲ
345 1027 364 1097 ὁ
386 1031 423 1097 ἐκ
441 1036 602 1116 Τρηχῖνος
619 1030 837 1109 κατάσκοπος.
864 1024 909 1119 ῆν
922 1031 985 1116 μὲν
1001 1028 1066 1117 γάρ

59 1125 112 1198 ἐπ’
128 1125 320 1218 Ἀρτεμισίῳ
334 1127 544 1206 κατάσκοπος
556 1127 709 1214 Πολύας,
729 1131 827 1214 γένος
843 1125 1068 1213 Ἀντικυρεύς,

63 1233 106 1316 τῷ
123 1228 382 1313 προσετέτακτο,
404 1228 460 1296 καὶ
480 1223 544 1313 εἶχε
563 1234 683 1295 πλοίου
707 1232 846 1314 κατῆρες
866 1231 1016 1314 ἑτοῖμον,
1040 1229 1071 1294 εί

60 1323 218 1410 παλήσειε
234 1320 252 1392 ὁ
268 1322 426 1402 ναυτικὰς
436 1322 586 1410 στρατὸς,
602 1328 779 1410 σημαίνειν
789 1338 875 1392 τοῖσι
890 1327 927 1392 έν
937 1332 1069 1412 Θερμο-

60 1420 185 1509 τύλησι
198 1423 308 1489 ἐούσι·
339 1420 383 1501 οδς
398 1421 430 1490 δ’
446 1421 556 1502 αύτεος
574 1415 620 1508 ῆν
634 1417 837 1510 Ἀβρώνιχος
851 1419 870 1490 ὑ
885 1425 1069 1500 Λυσικλέος

56 1520 233 1608 Ἀθηναῖος
243 1523 299 1590 καὶ
309 1520 400 1610 παρά
406 1525 560 1610 Λεωνίδη
572 1523 700 1608 ἑτοίμος
710 1534 795 1590 τοῖσι
806 1518 861 1590 ἐπ’
876 1519 1070 1611 Ἀρτεμισίη)

59 1622 152 1687 ἐοῦσι
166 1615 340 1705 ἀγγέλλειν
356 1622 598 1710 τριηκοντέρῳ,
618 1617 663 1705 ἥν
678 1646 711 1688 τι
724 1618 964 1708 καταλαμβάνῃ
981 1618 1068 1687 νεοί-

59 1742 157 1802 τερον
170 1714 231 1783 τὸν
241 1717 351 1798 πεζόν.
373 1710 473 1797 οὗτος
485 1709 536 1785 ύν
546 1714 565 1785 ὁ
574 1713 778 1804 Ἀβρώνιχος
788 1714 993 1804 ἀπικόμενός
1004 1734 1066 1800 σφι

58 1815 216 1902 ἐσήμαινε
225 1811 266 1881 τά
277 1813 440 1900 γεγονότα
448 1817 525 1903 περὶ
531 1819 706 1902 Λεωνίδην
716 1812 838 1883 καὶτὸν
848 1812 992 1903 στρατὸν
1003 1813 1068 1883 αὖ·

58 1917 128 1979 τοῦ.
154 1915 189 1979 οί
199 1911 235 1978 δέ
248 1906 293 1990 ὡς
306 1908 477 1980 ἐπύθοντο
492 1915 607 1996 ταῦτα,
623 1905 735 1978 ούκέτι
750 1910 784 1989 ές
794 1906 963 1998 άναβολάς
974 1913 1070 1978 έποι-

59 2020 157 2082 εὖντο
173 2010 235 2100 τῆν
248 2009 480 2102 άποχοέρησιν,
510 2015 699 2100 ἐκομίζοντο
720 2010 757 2080 δὲ
777 2007 822 2090 ὡς
842 2013 975 2081 ἕκαστοι
991 2010 1070 2080 ἐτά-

58 2122 202 2200 χθησαν,
214 2116 395 2198 Κορίνθιοι
409 2118 547 2200 πράτοι,
560 2107 698 2179 ὕστατοι
711 2107 748 2177 δὲ
761 2104 944 2195 Ἀθηναῖοι.
964 2103 1067 2194 Ἀθη-
1077 2125 1116 2177 νυ

58 2216 165 2279 ναίων
180 2210 217 2279 δέ
232 2213 310 2289 νέας
324 2207 385 2290 τάς
393 2209 514 2298 άριστα
528 2206 706 2287 κλαούσας
720 2204 954 2293 ἐπιλεξάμενος
964 2214 1067 2292 Θεμι-

58 2313 215 2396 στοκλέης
229 2309 409 2396 ἐπορεύετο
423 2311 499 2397 περὶ
512 2305 553 2377 τά
564 2306 687 2394 πότιμα
701 2304 826 2391 ὕδατα,
840 2302 1016 2391 ἐντάμνων
1030 2305 1068 2370 έν

58 2423 143 2478 τοῖσι
156 2415 284 2476 λίθοισι
304 2405 498 2494 γράμματα,
516 2402 558 2474 τά
568 2403 687 2492 Ἴωνες,
700 2401 901 2482 ἐπελθόντες
913 2408 954 2490 τῆ
969 2398 1069 2469 ὑστε-

59 2513 136 2594 ραίη
150 2502 258 2591 ἡμέρη
276 2506 329 2571 ἐπὶ
344 2500 383 2570 τὸ
393 2501 600 2590 Ἀρτεμίσιον
615 2504 820 2583 ἐπελέξαντο.
848 2500 889 2570 τὰ
907 2502 944 2569 δὲ
957 2499 1068 2587 γράμ-

58 2630 144 2691 ματα
158 2602 238 2670 τάδε
252 2608 361 2688 ἔλεγε·
387 2602 523 2688 ’Ἄνδρες
534 2600 665 2689 Ἴωνες,
686 2597 729 2669 ού
743 2600 871 2669 ποιέετε
888 2602 1000 2668 δίκαια
1014 2593 1067 2666 ἐπὶ

57 2698 138 2781 τούς
159 2701 302 2787 πατέρας
318 2699 578 2788 στρατευόμενοι
592 2700 648 2768 καὶ
667 2694 730 2786 τῆν
744 2695 886 2768 Ἑλλάδα
900 2699 1068 2765 καταδου·

58 2801 229 2889 λούμενοι.
253 2795 338 2869 άλλᾶ
352 2798 496 2886 μάλιστα
509 2796 574 2885 μέν
588 2795 673 2882 πρὸς
686 2795 800 2884 ῆμέοιν
812 2803 967 2884 γίνεσθε·
989 2799 1020 2862 εί
1029 2792 1066 2861 δὲ

58 2896 140 2985 δμῑν
150 2899 218 2966 ἐστὶ
229 2903 329 2966 τοῦτο
341 2893 386 2984 μῆ
397 2892 546 2965 δυνατὸν
559 2901 705 2983 κοιῆσιιι,
721 2892 817 2982 ὑμεῖς
826 2891 865 2961 δέ
876 2897 924 2962 ἐτι
934 2892 990 2960 καὶ
1000 2897 1067 2958 νῦν

59 3001 96 3066 ἐκ
114 3005 175 3066 τοῦ
196 2999 302 3085 μέσον
321 2993 404 3084 ἡμῖν
425 2997 541 3078 ἕζεσθε
562 2996 618 3063 καὶ
638 2990 750 3080 αύτοί,
773 2994 918 3061 καὶτῶν
940 2994 1067 3076 Καρῶν

60 3098 178 3163 δέεσθε
191 3092 232 3163 τά
253 3092 339 3164 αύτά
353 3091 437 3182 ὑμῖν
456 3097 600 3175 ποιέειν·
626 3098 658 3161 εί
677 3092 714 3161 δέ
734 3094 919 3179 μηδέτερον
936 3085 1067 3156 τούτων

59 3189 178 3263 οἷόντε
191 3199 359 3281 γίνεσθαι,
370 3191 445 3265 ἄλλ’
460 3191 520 3263 ὑπ’
530 3190 714 3280 ἀναγκαίης
723 3195 859 3279 μέζονος
869 3191 1066 3273 κατέζευχθε
1160 3229 1163 3231 >

58 3287 181 3381 ῆάστε
202 3288 423 3382 ἀπίστασθαι,
445 3291 541 3382 ὑμεῖς
555 3319 595 3381 γε
614 3294 652 3362 ἐν
671 3297 718 3384 τῷ
735 3297 840 3383 έργφ,
861 3284 964 3359 ἐπεάν
977 3289 1068 3374 συμὲ

58 3397 248 3478 μίσγωμεν,
263 3392 514 3482 ἐθελοκακέετε,
530 3395 735 3481 μεμυημένοι
747 3389 799 3461 ὅτι
813 3386 872 3459 άκ’
884 3384 998 3478 ἡμέων
1007 3411 1067 3472 γε·

1095 3478 1128 3615 1
