2378 3840
324 209 407 264 ΜΒ.
440 208 508 261 Vlss.
543 206 640 262 CAP.
672 211 813 264 44-51.
1009 201 1071 263 243

66 375 218 454 ποταμοῦ
239 365 493 452 ἐστρατεύοντο·
529 367 720 446 Θεσπρωτοὶ
741 363 805 448 γάρ
828 369 888 430 εἰσι
913 367 946 430 οί
965 360 1071 449 ὁμον-

66 471 199 550 ρέοντες
215 463 470 551 Ἀμπρακιήτησι
493 463 546 527 καλ
561 464 791 546 Λευκαδίοισι,
809 467 842 527 οἳ
858 462 890 539 ἐξ
908 463 1069 545 ἐσχατέων

66 568 200 654 χωρέων
215 562 461 646 ἐστρατεύοντο.
491 563 559 625 τῶν
577 557 612 624 δέ
630 554 722 636 έκτός
736 558 866 625 τούτων
882 561 1068 645 οἰκημένων

65 670 294 750 Κροτωνιῆται
306 667 427 747 μοῦνοι
438 651 534 745 ἦσαν,
545 661 580 723 οἳ
600 653 778 740 ἐβοήθησαν
798 653 977 744 τήἘλλύδι
994 683 1069 724 κιν-

65 758 256 847 δυνευούσῃ
268 763 326 844 νηῒ
334 763 466 847 μιή,τής
476 749 556 842 ήρχε
566 750 651 840 ἀνὴρ
663 755 733 840 τρὶς
743 760 944 840 πυθιονίκης
952 756 1068 822 Φιλύλ-

65 869 136 938 λος·
155 862 383 943 Κροτωνιῆται
396 855 432 922 δέ
442 857 538 940 γένος
550 854 610 920 εἰσὶ
620 849 749 937 Ἀχαιοί.
770 856 813 920 Os
818 857 880 938 μέν
891 881 957 922 νυν
968 854 1062 922 ἄλλοι
1080 868 1114 922 48

66 957 221 1044 τριήρεας
231 951 450 1039 παρεχόμενοι
469 950 723 1035 ἐστρατεύοντο,
740 950 866 1037 Μήλιοι
883 951 919 1020 δὲ
935 956 989 1019 καὶ
1003 959 1067 1021 Σί-

65 1079 159 1140 φνιοι
174 1055 226 1120 καὶ
243 1056 400 1136 Σερίφιοι
420 1051 710 1135 πεντηκοντέρους.
746 1048 873 1134 Μήλιοι
888 1051 951 1135 μὲν
970 1055 1066 1136 γένος

65 1152 174 1230 ἐόντες
197 1147 261 1218 ἀπὸ
279 1153 527 1235 Λακεδαίμονος
550 1148 611 1214 δύο
633 1154 846 1236 παρείχοντο,
868 1157 1005 1236 Σίφνιοι
1031 1152 1065 1217 δέ

64 1253 118 1318 καὶ
133 1256 288 1335 Σερίφιοι
294 1245 407 1326 Ἴωνες
421 1247 531 1325 ἐόντες
546 1242 603 1312 ἄπ’
624 1242 796 1333 Ἀθηνέων
810 1254 890 1334 μίαν
905 1247 1064 1331 έκύτεροι.

64 1346 208 1435 ἀριθμός
223 1347 259 1414 δέ
273 1348 402 1432 ἐγένετο
419 1340 436 1412 ὁ
452 1351 516 1423 πᾶς
530 1350 598 1412 τοῖν
614 1351 719 1432 νεῶν,
740 1345 843 1429 πύρεξ
859 1352 928 1412 τῶν
944 1369 1066 1428 πεντη-

64 1448 246 1530 κοντέρων,
263 1441 347 1511 ὀκτοδ
363 1446 418 1510 καὶ
433 1443 661 1531 ἑβδομήκοντα
676 1445 731 1510 καὶ
744 1441 943 1531 τριηκόσιαι.

140 1540 199 1620 Ὡς
214 1542 250 1609 δέ
265 1543 298 1620 ἐς
311 1538 373 1629 τήν
387 1549 564 1628 Σαλαμῖνα
578 1547 754 1627 συνῆλθον
765 1547 800 1610 οί
808 1546 983 1630 στρατηγοὶ
995 1537 1059 1608 ἀπὸ
1079 1552 1113 1605 4⁹

61 1647 129 1706 τῶν
145 1643 327 1725 εἰρημένων
344 1645 488 1725 πολίων,
510 1639 729 1726 ἐβουλεύοντο
745 1644 931 1723 προθέντος
949 1636 1064 1721 Εὐρυ-

63 1737 185 1809 βιύδεω
195 1735 336 1823 γνωμην
346 1733 596 1823 ἀποφαίνεσθαι
607 1733 667 1803 τόν
678 1737 897 1825 βουλόμενον,
910 1738 993 1805 ὅκου
1006 1743 1063 1804 δο-

62 1842 131 1904 κέοι
144 1837 404 1922 ἐπιτηδειότατον
420 1835 509 1910 εἶναιΙ
524 1841 713 1922 ναυμαχίην
727 1836 901 1904 ποιέεσθαι
917 1843 984 1903 τῶν
1000 1833 1063 1902 αύ·

61 1937 110 2001 τοὶ
120 1935 255 2019 χωρέων
266 1935 437 2018 ἐγκρατέες
448 1939 514 2001 είσί
520 1958 526 1972 ·
537 1930 558 2019 ἡ
569 1930 634 2019 γαρ
646 1930 773 2019 Ἀττική
785 1931 898 2000 ἀπεῖτο
908 1930 982 2020 ήδη,
994 1939 1062 1999 των

60 2033 95 2101 δὲ
111 2035 255 2100 λοιπέων
270 2031 345 2117 πέρι
365 2034 532 2117 προτίθεε.
565 2035 601 2097 αί
613 2037 742 2117 γνῶμαι
760 2034 796 2099 δέ
810 2037 878 2098 τῶν
893 2031 1062 2116 λεγόντων

25 2120 29 2126 ’
60 2134 96 2196 αί
108 2138 255 2197 πλεῖσται
277 2129 517 2208 συνεξέπιπτον
533 2125 618 2214 πρὸς
632 2125 692 2195 τὸν
708 2126 844 2215 Ἰσθμόν
865 2128 1061 2206 πλεύσαντας

59 2231 258 2315 ναυμαχέειν
271 2226 335 2312 πρὸ
350 2235 407 2316 τῆς
417 2229 697 2318 Πελοποννήσου,
714 2231 921 2314 ἐπιλέγοντες
931 2228 991 2297 τδν
1002 2230 1060 2297 λό·
1086 2240 1090 2257 “

58 2355 120 2413 γον
135 2326 248 2413 τόνδε,
268 2325 312 2406 ὡς
325 2323 369 2413 ήν
386 2329 568 2413 νικηθέωσι
585 2334 625 2416 τή
641 2333 823 2415 ναυμαχίη,
840 2329 877 2394 έν
892 2336 1059 2414 Σαλαμῖνι

57 2425 118 2508 μέν
130 2424 240 2502 ἐόντες
251 2425 530 2510 πολιορκήσονται
542 2427 579 2492 έν
589 2424 692 2515 νήσω,
704 2428 761 2490 ἵνα
772 2443 830 2509 σφι
844 2432 983 2511 τιμωρίη
999 2424 1059 2492 ού-

58 2529 153 2607 δεμία
169 2522 425 2608 ἐπιφανήσεται,
441 2521 524 2605 πρὸς
539 2523 575 2589 δὲ
589 2531 634 2611 τῷ
648 2522 770 2611 Ἰσθμῷ
785 2524 817 2600 ἐς
831 2519 909 2599 τούς
925 2524 1058 2590 ἑωυτῶν

58 2624 246 2698 ἐξοίσονται.
284 2625 397 2687 Ταῦτα
410 2627 479 2687 τῶν
497 2617 562 2686 ἀπὸ
578 2619 840 2707 Πελοποννήσου
865 2627 1058 2706 στρατηγῶν
1074 2643 1109 2695 5ο

56 2718 301 2805 ἐπιλεγομένων
315 2717 476 2804 ἐληλύθεε
491 2715 576 2805 ἀνὴρ
588 2717 764 2805 Ἀθηναῖος
779 2714 949 2804 ἀγγέλλων
962 2717 1057 2804 ήκειν

55 2816 115 2885 τόν
129 2815 303 2905 βόρβορον
318 2818 351 2894 ἐς
366 2813 428 2903 τήν
444 2815 593 2904 Ἀττικήν
607 2820 661 2886 καλ
675 2824 787 2885 πᾶσαν
801 2814 906 2904 αύτήν
924 2842 1057 2903 πυρπο-

54 2916 198 2981 λέεσθαι.
221 2910 238 2979 ὁ
261 2910 326 2999 γὰρ
348 2911 403 2979 διδ
418 2922 577 2982 Βοιωτῶν
598 2916 806 3004 τραπόμενος
825 2914 965 2998 στρατός
987 2915 1056 3001 ἅμα

54 3013 173 3097 Ξέρξη,
190 3011 358 3098 ἐμπρήσας
369 3015 540 3080 Θεσπιέων
549 3011 612 3101 τήν
626 3015 726 3082 πόλιν
737 3011 853 3081 ἀὐτῶν
864 3017 1055 3083 ἐκλελοιπό-

53 3131 120 3172 των
135 3108 168 3183 ές
182 3108 446 3194 Πελοπόννησον
459 3113 513 3178 καί
528 3107 591 3197 τήν
600 3116 794 3179 Πλαταιέων
810 3110 977 3200 ὡσαύτως,
994 3106 1056 3199 ήκέ

52 3229 88 3269 τε
103 3205 135 3282 ές
149 3201 207 3282 τὰς
217 3201 361 3292 Ἀθήνας
374 3209 429 3274 καὶ
443 3207 554 3275 πάντα
566 3201 675 3276 έκεῖνο
690 3210 812 3295 ἐδηίου.
842 3212 1001 3296 ἐνέπρησε
1017 3215 1053 3277 δέ

53 3301 218 3369 Θέσπειάν
232 3327 267 3369 τε
281 3308 336 3372 καὶ
345 3306 519 3375 Πλάταιαν
533 3307 727 3392 πυθόμενος
742 3313 909 3395 Θηβαίων,
928 3307 978 3376 ότι
990 3307 1053 3376 ούκ

51 3399 212 3486 ἐμήδιζον.
241 3397 319 3466 ’Ana
335 3406 371 3469 δέ
389 3410 446 3489 τῆς
461 3407 631 3493 διαβάσιος
645 3404 961 3556 ποῦἘλλησπόβχτρυ
973 3458 985 3487 ,
996 3414 1054 3470 ἒυ-
1068 3426 1108 3470 το
