2378 3840
287 203 372 260 ΗΒ.
421 203 480 259 VH.
513 203 612 260 OAP.
646 208 820 265 127—131.
1005 205 1067 269 175

65 360 154 447 ὕδωρ
172 361 294 439 πάντες
309 362 343 440 ές
355 357 473 429 τεόυτό.
503 356 605 428 ἐπεάν
619 361 655 427 δέ
672 366 899 447 συμμιχθέωσι
918 368 1065 452 τάχιστα,

60 465 221 529 ἐνθεῦτεν
235 456 298 546 ἤδη
312 455 330 526 ὁ
342 455 488 544 Πηνειός
498 464 543 550 τῷ
555 454 717 543 οὐνόματι
731 463 965 546 κατακρατέων
975 459 1066 531 άνω-

60 557 189 646 νόμους
202 554 282 635 τούς
295 554 417 635 ἄλλους
431 558 538 646 ποιέει.
553 553 647 631 εἶναι.
673 554 710 623 τὰ
727 559 764 624 δέ
777 556 921 625 παλαιὸν
936 563 1064 646 λέγεται

61 654 124 724 οὐκ
145 655 258 733 έόντος
274 680 322 722 κω
341 661 402 721 τοῦ
421 651 573 733 αὐλῶνος
594 658 650 722 καὶ
667 653 825 742 διεκρόου
847 658 970 725 τοῦτον
986 655 1066 736 τούς

60 749 230 840 ποταμοὺς
239 753 390 838 τούτους,
403 755 459 820 καὶ
469 748 555 838 πρὸς
563 764 650 820 τοῖσι
658 767 833 840 ποταμοῖσι
843 756 991 824 τοῦτοισι
1002 753 1064 841 τὴν

59 855 221 937 Βοιβηίδα
231 857 354 938 λίμνην
365 847 442 918 οὐτε
453 848 699 936 οὐνομάζεσθαι
718 847 864 936 κατάπερ
883 859 959 939 νῦν,
975 856 1064 938 ῥέειν

60 974 96 1016 τε
110 945 211 1016 οὐδέν
227 951 326 1017 ἕσσον
339 944 455 1036 ἢνῦν,
470 952 607 1038 ῥέοντας
618 949 655 1016 δὲ
668 955 795 1017 ποιέειν
804 951 866 1037 τὴν
877 957 1064 1034 Θεσσαλίην

60 1057 172 1118 πᾶσαν
187 1052 338 1136 πέλαγος.
381 1046 487 1117 Αὐτοὶ
506 1053 569 1135 μέν
585 1074 652 1116 νυν
667 1057 833 1119 Θεσσαλοί
844 1069 926 1136 φασι
940 1057 1064 1117 Ποσει-

61 1150 169 1215 δέωνα
184 1153 320 1233 ποιῆσαι
333 1144 393 1214 τόν
410 1143 562 1235 αὐλῶνα,
584 1145 629 1215 δι’
647 1139 690 1216 οῦ
709 1150 777 1234 δέει
797 1144 815 1215 ὁ
830 1149 990 1233 Πηνειός,
1013 1153 1064 1213 οἰ-

61 1245 143 1314 κότα
163 1248 324 1330 λέγοντες.
353 1241 444 1324 ὅστις
459 1241 524 1333 γάρ
544 1253 668 1332 νομίζει
684 1248 896 1314 Ποσειδέωνα
916 1243 978 1331 την
999 1250 1063 1329 γῆν

60 1348 164 1410 σείειν
173 1347 229 1410 καὶ
239 1342 278 1410 τά
290 1347 466 1411 διεστεῶτα
476 1339 543 1411 ῦπδ
555 1350 693 1429 σεισμοῦ
703 1350 764 1411 τοῦ
776 1351 861 1410 θεοῦ
872 1341 994 1410 τοῦτον
1006 1345 1061 1426 έρ-

59 1470 102 1528 γα
117 1441 219 1531 εἶναι,
243 1446 298 1512 καλ
313 1439 357 1511 άν
372 1447 479 1514 έκείνο
493 1443 577 1514 ίδοδν
592 1451 674 1531 φαίη
687 1447 899 1512 Ποσειδέωνα
915 1448 1059 1528 ποιησαι.

59 1548 128 1610 έστι
141 1550 210 1629 γάρ
221 1551 360 1629 σεισμοῦ
375 1551 492 1631 ἔργον,
515 1540 560 1621 ὥς
575 1545 646 1628 ἐμοὶ
660 1545 812 1626 ἐφαίνετο
829 1539 930 1626 εἶναι,
949 1537 970 1627 η
987 1540 1056 1608 διά-

59 1658 172 1718 στασις
185 1648 253 1707 τεόν
269 1638 407 1728 οὐρέων.
466 1711 470 1713 Α

146 1743 190 1807 Oi
204 1739 240 1807 δέ
256 1741 493 1827 κατηγεόμενοι
509 1742 683 1824 εἰρομένου
695 1743 834 1821 Ξέρξεω,
853 1743 883 1804 εί
897 1742 964 1803 ἔστι
979 1734 1062 1821 άλλη
1080 1749 1130 1803 13⁰

58 1840 172 1916 ἔξοδος
182 1839 216 1916 ές
229 1837 407 1906 θάλασσαν
419 1844 466 1926 τῷ
477 1843 622 1928 Πηνειῷ,
639 1834 884 1921 ἐξεπιστάμενοι
898 1832 1062 1918 ἀτρεκέως

58 1934 169 2004 εἶπον·
199 1944 358 2023 Βασιλεῦ,
373 1943 509 2025 ποταμῷ
523 1936 630 2026 τούτφ
648 1932 710 2002 οὐκ
730 1939 798 2000 ἔστι
812 1930 895 2018 άλλη
911 1931 1062 2051 έξηλυσις

58 2039 91 2114 ές
104 2034 282 2105 θάλασσαν
295 2034 496 2124 κατήκουσα,
511 2031 584 2103 ἄλλ’
601 2032 661 2120 ἥδε
676 2030 777 2119 αὐτή·
800 2030 914 2114 οὐρεσι
925 2027 990 2117 γάρ
1001 2053 1062 2097 πε·

58 2136 320 2220 ριεστεφάνωται
333 2141 424 2202 πάσα
434 2139 608 2219 Θεσσαλίη.
631 2129 802 2218 ,Ξέρξηνδδ
812 2132 941 2252 λέγεται
956 2135 1061 2198 εἰπεῖν

56 2228 142 2317 πρὸς
155 2238 275 2300 ταῦτα·
292 2235 403 2319 Σοφοὶ
414 2229 534 2318 ἄνδρες
548 2233 610 2300 είσλ
621 2236 792 2300 Θεσσαλοί
809 2227 901 2296 ταῦτ’
916 2226 981 2344 άρα
995 2246 1046 2311 πρ

57 2335 185 2397 πολλοῦ
193 2330 401 2414 ἐφυλάξαντο
410 2331 692 2416 γνωσιμαχέοντες
702 2319 867 2396 καὶτᾶλλα
877 2323 958 2394 καί
938 2352 989 2393 οτι
1000 2321 1060 2408 χιό

56 2450 122 2512 ρην
137 2423 202 2514 ἄρα
213 2426 301 2513 εἶχον
313 2424 486 2515 εὐαίρετόν
496 2452 531 2494 τε
541 2429 595 2495 καὶ
606 2425 828 2511 ταχυάλωτον.
849 2420 911 2490 τὸν
921 2419 985 2508 γάρ
997 2445 1060 2488 πο-

56 2519 164 2608 ταμὸν
178 2547 313 2611 πρηγμα
327 2522 372 2593 άν
384 2552 429 2613 ην
442 2531 572 2646 μοῦνον
588 2526 718 2592 έπελναί
729 2541 845 2607 σφεων
856 2517 955 2588 έπὶ
919 2545 981 2606 την
994 2518 1061 2604 χό-

57 2645 139 2706 ρην,
153 2620 279 2708 χείματι
295 2625 332 2691 έκ
348 2648 409 2692 του
395 2601 575 2701 αὐλῶνος
590 2622 812 2709 ἐκβιβάσαντα
825 2623 881 2688 καί
895 2620 1060 2705 παρατρέ-

57 2731 166 2797 ψαντα
182 2712 274 2816 δι’
247 2746 295 2788 ων
311 2747 378 2789 νυν
390 2721 458 2810 ῥέει
469 2721 639 2808 ῥεέθρων
655 2717 738 2786 ωστε
750 2724 936 2805 Θεσσαλίην
949 2722 1060 2784 πᾶσαν

57 2822 120 2897 ἔξω
136 2823 203 2885 τάν
224 2817 354 2906 οὐρέων
367 2817 543 2908 ὑπόβρυχα
557 2819 724 2906 γενέσθαι.
763 2823 876 2886 Ταῦτα
893 2815 930 2884 δέ
943 2820 1060 2902 έχοντα

57 2922 150 3003 ἔλεγε
164 2918 197 2997 ἐς
210 2917 289 2999 τοῦς
298 2917 440 2987 Ἀλεύεω
438 2915 624 3086 ‘names'
603 2943 655 2987 οτι
666 2923 793 3003 πρῶτοι
801 2913 970 3002 Ἑλλήνων
984 2913 1061 2982 ἑόν·

55 3039 109 3094 τες
123 3020 285 3085 Θεσσαλοὶ
299 3017 455 3086 ίδοσανέ
454 3013 583 3096 ωντούς
601 3016 746 3103 βασιλέϊ,
763 3009 919 3082 δοκέων
905 3038 923 3079 ο
939 3011 1061 3097 ,Ξέρξης

54 3108 121 3179 άπδ
137 3113 261 3193 παντός
271 3134 376 3200 σφεας
387 3121 449 3183 τοῦ
464 3121 583 3194 έθνεος
594 3115 855 3200 ἐπαγγέλλεσθαι
866 3115 991 3196 φιλίην.
1012 3117 1060 3177 ελ-

53 3225 119 3290 πας
134 3209 171 3278 δέ
187 3218 290 3280 ταῦτα
304 3217 360 3282 καὶ
373 3207 755 3300 θηησόμενοςάπέπλωε
770 3212 803 3290 ές
818 3206 880 3296 τὴν
891 3211 1035 3294 Θέρμην.

132 3305 169 3375 ‘0
187 3309 249 3395 μὲν
264 3305 305 3396 δὴ
322 3314 399 3397 περί
411 3317 552 3399 Πιερίην
565 3314 709 3399 διέτριβε
727 3304 853 3397 ἡμέρας
866 3305 991 3393 συχνάς
1009 3303 1059 3372 ’τό
1079 3314 1124 3369 131

55 3407 119 3494 γάρ
134 3408 175 3495 δὴ
195 3400 296 3495 οὐρος
312 3406 349 3476 τό
365 3406 605 3496 Μακεδονικόν
625 3415 733 3495 έκειρε
745 3412 803 3494 τῆς
819 3411 974 3492 στρατιῆς
987 3425 1059 3488 τρι-

1009 3498 1132 3624 Ι
