2378 3840
327 195 414 251 LIB.
447 193 493 250 VI.
528 194 627 252 cAP.
660 199 801 256 75-81.
1026 193 1066 255 93

63 358 179 421 Ταῦτα
188 350 230 439 δή
237 352 346 421 πάντα
358 352 570 421 συνελθόντα
581 366 665 420 τοῖσι
673 350 847 441 Ἀργείοισι
859 355 970 442 φόβον
980 379 1068 439 παρ-

45 465 136 539 siff.
159 453 216 520 καὶ
232 451 274 537 δή
291 473 352 538 σφι
366 448 451 537 πρὸς
464 458 568 519 ταῦτα
583 455 675 531 ἔδοξε
689 459 734 543 τῷ
748 453 870 541 κήρυκι
885 462 953 522 τῶν
967 461 1068 522 πολε-

59 559 149 640 μίων
164 557 329 636 χρᾶσθαι,
354 550 456 630 δόξαν
471 552 510 618 δέ
528 570 588 636 σφι
610 552 745 619 ἐποίευν
761 553 909 622 τοιόνδε·
941 551 1027 632 ὅκως
1048 549 1067 620 ὁ

59 647 274 737 Σπαρτιήτης
282 652 387 735 κῆρυξ
395 653 618 736 προσημαίνοι
628 653 969 737 τιΛακεθαιμονίοισι,
977 653 1070 718 ἐποί-

60 770 124 819 ευν
144 748 201 817 καὶ
214 750 248 815 οί
265 743 404 833 Ἀργετοι
420 742 528 813 τώυτὸ
542 753 651 816 τοῦτο.
687 745 827 816 Μαθων
839 748 875 818 δέ
890 747 907 816 ὁ
920 750 1069 834 Κλεομέ-
1079 768 1112 822 λθ

58 874 123 935 αης
136 852 315 924 ποιεῦντας
325 841 404 923 τούς
415 841 584 931 Ἀργείους
594 841 709 913 ὁκοῖόν
724 842 782 914 τιὸ
795 847 953 932 σφέτερος
964 849 1069 933 κῆρυξ

59 944 233 1033 σημήνειε,
248 944 468 1029 παραγγέλλει
483 964 554 1028 σφι,
569 940 652 1011 ὅταν
665 942 828 1032 σημήνηὸ
843 949 947 1031 κῆρυξ
959 945 1070 1013 ποιέε-

60 1041 179 1113 σθαι”
156 1063 305 1130 αριστον,
321 1042 395 1109 τότε
407 1037 638 1127 ἀναλαβόντας
649 1069 689 1108 τα
678 1039 787 1110 ὅπλα
797 1043 936 1161 χωρέειν
946 1046 979 1120 ἐς
991 1039 1071 1120 τούς

60 1150 237 1235 Αργείους.
266 1148 369 1210 ταῦτα
385 1145 441 1209 καλ
455 1142 585 1226 ἐγένετο
600 1142 748 1209 ἐπιτελέα
770 1143 806 1209 ἐκ
821 1148 889 1209 τῶν
904 1145 1071 1209 Λακεδαι-

60 1249 208 1363 μοηίων·
236 1239 375 1327 άριστον
393 1230 461 1326 γάρ
482 1243 711 1325 ποιευμένοισι
730 1253 817 1308 τοῖσι
835 1237 1011 1325 Ἀργείοισι
1033 1242 1070 1305 ἐκ

61 1346 124 1410 τοῦ
141 1340 352 1428 κηρύγματος
369 1340 541 1425 ἐπεκέατο,
563 1340 618 1407 καὶ
635 1335 783 1418 πολλους
803 1340 865 1425 μέν
880 1338 1070 1425 ἐφόνευσαν

62 1437 193 1526 αυτόν,
208 1434 364 1529 κολλητά
378 1442 425 1506 ἐτι
439 1443 586 1515 πλεῦνας
600 1433 678 1514 ἐς
643 1462 680 1503 το
694 1434 793 1515 άλσος
802 1463 865 1504 του
851 1438 996 1525 Ἄργον
1007 1463 1069 1504 κα-

61 1537 275 1625 ταφυγόντας
295 1535 519 1621 περιιζόμενοι
539 1534 741 1620 ἐφύλασσον.
787 1532 965 1603 Ἐνθεῦτεν
991 1535 1027 1603 δὲ
1048 1532 1112 1603 ὁ79

65 1638 253 1722 Κλεομένης
267 1636 374 1703 ἐποίεε
387 1633 535 1701 τοιόνδε·
559 1637 643 1718 ἔχων
655 1629 863 1719 αὐτομόλους
874 1630 1000 1717 ἄνδρας
1013 1635 1069 1701 καὶ

63 1732 323 1820 πυνθανόμενος
337 1731 468 1800 τοότων
482 1730 632 1811 ἐξεκάλεε
648 1733 789 1816 πέμπων
802 1731 950 1818 κήρυκα,
967 1729 1070 1798 οὐνο-

62 1832 163 1919 μαστὶ
176 1832 284 1918 λέγων
300 1836 368 1897 τῶν
379 1824 628 1915 Ἀργείωντοός
642 1829 680 1895 ἐν
690 1833 736 1918 τῷ
751 1831 813 1916 ίρςό
829 1825 1069 1911 ἀπεργμένους,

63 1928 215 2013 ἐξεκάλεε
228 1929 265 1996 δὲ
280 1924 347 2014 φάς
363 1923 476 1994 αυτων
490 1931 577 2011 ἔχειν
591 1951 632 1992 τα
647 1922 788 1993 ἄποινα·
812 1922 935 1992 άποινα
950 1928 989 1992 δέ
1001 1926 1070 1992 ἐστι
1162 1974 1169 1989 .

65 2022 365 2117 Πελοποννησίοισι
380 2025 444 2092 δύο
459 2027 556 2110 μνέαι
573 2025 769 2110 τεταγμέναι
784 2050 846 2090 κατ
849 2020 994 2111 ’ἄνδρα
998 2028 1070 2110 αίη-

56 2126 219 2215 ’μάλωτον
234 2125 384 2191 ἐκτίνειν.
406 2118 490 2190 κατά
501 2121 707 2208 πεντήκοντα
719 2113 800 2208 δή
774 2147 823 2189 ων
833 2127 902 2189 των
913 2118 1070 2208 Ἀργείων

64 2223 109 2303 ὡς
123 2222 284 2300 ἑκάστους
305 2216 576 2305 ἐκκαλεόμενος’
562 2245 581 2286 ο
596 2221 787 2337 Κλεομένης
804 2225 937 2288 ἔκτεινε.
966 2227 1069 2287 ταῦτα

10 2370 12 2411 ÷
64 2325 103 2393 δέ
114 2348 183 2401 κως
196 2321 357 2408 γινόμενα
373 2317 529 2437 ἐλελήθεε
549 2315 628 2395 τοὺς
646 2315 786 2397 λοιπους
800 2315 880 2398 τούς
901 2321 938 2386 ἐν
954 2324 999 2409 τῷ
1014 2343 1070 2386 τε·

10 2428 12 2433 ’
63 2426 172 2508 μένει·
198 2415 257 2486 άτε
272 2444 338 2505 γαρ
352 2423 486 2485 πυκνοῦ
506 2415 620 2494 ἐόντος
633 2422 694 2484 τοῦ
713 2413 832 2496 άλσεος
846 2411 909 2484 οάκ
920 2414 1025 2538 ήρεον
1038 2421 1071 2485 οί

64 2518 159 2599 ἐντός
173 2543 253 2595 τους
269 2514 402 2595 ἐκτός“
382 2542 400 2583 ο
422 2543 454 2582 τι
476 2521 660 2601 ἔπρησσον,
681 2521 762 2599 πρίν
782 2541 821 2600 γε
836 2514 875 2600 δή
895 2513 1007 2582 αὐτόν
1020 2541 1070 2592 τις

10 2628 13 2659 ¹
64 2614 193 2705 ἀναβάς
208 2617 260 2682 ἐπὶ
284 2616 422 2699 δένδρος
447 2611 629 2681 κατεῖδε
595 2639 632 2679 το
646 2612 859 2697 ποιεόμενον.
885 2609 947 2678 οὐκ
965 2637 1014 2678 ων
1031 2609 1069 2697 ἐή

63 2722 112 2785 ἐτι
126 2712 325 2798 καλεόμενοι
340 2710 482 2797 ἐξήισαν.
516 2708 683 2779 Ἐνθαῦτα
699 2707 770 2796 δή
755 2736 774 2776 ο
791 2712 982 2798 Κλεομένης
996 2711 1069 2777 ἐκέ·
1080 2714 1113 2767 8⁰

62 2823 142 2885 λινε
155 2810 266 2878 πάντα
281 2806 356 2877 τινά
377 2816 445 2876 των
464 2811 625 2877 εἱλωτέων
640 2808 808 2894 περινέειν
821 2807 887 2933 ὕλη
903 2807 941 2877 τὸ
958 2807 1069 2893 ἄλσος,

10 2928 12 2971 ÷
62 2918 133 2982 τῶν
143 2910 180 2978 δὲ
190 2911 405 2995 πειθομένων
416 2903 621 2994 ἐνέπρησε
586 2932 624 2974 το
636 2905 745 2984 άλσος.
762 2911 943 2993 καιομένου
958 2907 995 2975 δὲ
1006 2906 1070 2992 ήδη

61 3012 212 3095 ἐπείρετο
227 3013 296 3073 τῶν
310 3003 386 3074 τινά
400 3003 608 3092 αὐτομόλων,
624 3012 714 3083 τίνος
732 3014 783 3090 εἴη
797 3012 891 3073 θεῶν
905 3005 942 3073 τὸ
959 3004 1070 3091 ἄλσος,

61 3107 81 3177 ὁ
94 3108 133 3175 δὲ
147 3103 345 3191 ἔφη”Αργου
357 3103 457 3172 εἶναι·
472 3102 491 3172 ὁ
504 3106 540 3173 δὲ
552 3101 596 3182 ὡς
606 3101 739 3190 ήκονσε,
752 3100 976 3183 ἀναστενάξας
987 3103 1070 3188 μέγα

60 3202 152 3273 εἷπε·
183 3195 223 3271 Ὦ
237 3200 405 3271 Ἄπολλον
419 3202 612 3289 χρηστήριε,
632 3195 655 3288 ή
675 3201 827 3288 μεγάλως
844 3227 885 3288 με
900 3197 1071 3288 ἠπάτηκας

61 3300 216 3390 φάμενος
222 3298 342 3389 ’Ἀργος
353 3303 521 3389 αἱρήσειν·
538 3300 771 3386 συμβάλλομαι
783 3296 816 3367 θ’
825 3298 954 3386 ἐξήκειν
964 3324 1022 3384 μοι
1031 3294 1068 3364 τό

22 3470 30 3483 ,
61 3396 287 3489 χρηστήριον·
309 3396 402 3467 Meto}
419 3402 454 3468 δέ
472 3395 609 3467 ταῦταὸ
625 3405 814 3484 Κλεομένης
829 3395 891 3484 τήν
904 3399 966 3485 μὲν
980 3397 1069 3464 πλέω
1079 3397 1112 3455 81
