<?xml version="1.0" encoding="UTF-8"?>
<!DOCTYPE html PUBLIC "-//W3C//DTD XHTML 1.0 Transitional//EN"
    "http://www.w3.org/TR/xhtml1/DTD/xhtml1-transitional.dtd">
<html xmlns="http://www.w3.org/1999/xhtml" xml:lang="en" lang="en">
 <head>
  <title>
</title>
<meta http-equiv="Content-Type" content="text/html;charset=utf-8" />
  <meta name='ocr-system' content='tesseract 3.04.00' />
  <meta name='ocr-capabilities' content='ocr_page ocr_carea ocr_par ocr_line ocrx_word'/>
</head>
<body>
  <div class='ocr_page' id='page_1' title='image "./herodotihistori01herogoog_0358.png"; bbox 0 0 2378 3840; ppageno 0'>
   <div class='ocr_carea' id='block_1_1' title="bbox 289 199 1026 267">
    <p class='ocr_par' dir='ltr' id='par_1_1' title="bbox 289 199 1026 267">
     <span class='ocr_line' id='line_1_1' title="bbox 289 199 1026 267; baseline 0.008 -6"><span class='ocrx_word' id='word_1_1' title='bbox 289 201 375 261; x_wconf 76' lang='grc' dir='ltr'><strong><em>ιιΒ.</em></strong></span> <span class='ocrx_word' id='word_1_2' title='bbox 406 201 454 257; x_wconf 85' lang='lat' dir='ltr'><strong><em>1x.</em></strong></span> <span class='ocrx_word' id='word_1_3' title='bbox 487 200 587 259; x_wconf 76' lang='grc' dir='ltr'><strong><em>οΑΡ.</em></strong></span> <span class='ocrx_word' id='word_1_4' title='bbox 620 207 762 262; x_wconf 80' lang='grc' dir='ltr'><strong><em>ω-υο,</em></strong></span> <span class='ocrx_word' id='word_1_5' title='bbox 963 199 1026 267; x_wconf 76' lang='lat'><strong><em>3³⁸</em></strong></span> 
     </span>
    </p>
   </div>
   <div class='ocr_carea' id='block_1_2' title="bbox 40 353 1099 3490">
    <p class='ocr_par' dir='ltr' id='par_1_2' title="bbox 40 353 1065 2591">
     <span class='ocr_line' id='line_1_2' title="bbox 40 353 1028 449; baseline 0.004 -23"><span class='ocrx_word' id='word_1_6' title='bbox 40 367 152 449; x_wconf 77' lang='grc' dir='ltr'><strong><em>ερηξαν</em></strong></span> <span class='ocrx_word' id='word_1_7' title='bbox 167 354 247 430; x_wconf 76' lang='grc' dir='ltr'><strong><em>ὦδε·</em></strong></span> <span class='ocrx_word' id='word_1_8' title='bbox 275 361 465 445; x_wconf 76' lang='grc' dir='ltr'><strong><em>κατημένου</em></strong></span> <span class='ocrx_word' id='word_1_9' title='bbox 478 353 630 444; x_wconf 76' lang='grc' dir='ltr'><em>Εὐηνίου</em></span> <span class='ocrx_word' id='word_1_10' title='bbox 650 360 688 426; x_wconf 76' lang='grc' dir='ltr'><strong><em>ἐν</em></strong></span> <span class='ocrx_word' id='word_1_11' title='bbox 700 359 805 449; x_wconf 79' lang='grc' dir='ltr'><strong><em>θάκφ</em></strong></span> <span class='ocrx_word' id='word_1_12' title='bbox 825 359 983 441; x_wconf 76' lang='grc' dir='ltr'><strong><em>ἐλθόντες</em></strong></span> <span class='ocrx_word' id='word_1_13' title='bbox 994 367 1028 430; x_wconf 90' lang='grc' dir='ltr'><strong><em>οί</em></strong></span> 
     </span>
     <span class='ocr_line' id='line_1_3' title="bbox 40 451 1027 547; baseline 0.003 -21"><span class='ocrx_word' id='word_1_14' title='bbox 40 465 197 544; x_wconf 65' lang='grc' dir='ltr'><strong><em>ταριῒοντο</em></strong></span> <span class='ocrx_word' id='word_1_15' title='bbox 214 461 269 527; x_wconf 81' lang='grc' dir='ltr'><strong><em>καλ</em></strong></span> <span class='ocrx_word' id='word_1_16' title='bbox 290 458 413 543; x_wconf 79' lang='grc' dir='ltr'><em>λόγους</em></span> <span class='ocrx_word' id='word_1_17' title='bbox 428 452 551 532; x_wconf 83' lang='grc' dir='ltr'><strong><em>ἀλλους</em></strong></span> <span class='ocrx_word' id='word_1_18' title='bbox 567 456 758 544; x_wconf 72' lang='grc' dir='ltr'><strong><em>ἐποιεῦντο,</em></strong></span> <span class='ocrx_word' id='word_1_19' title='bbox 780 461 814 537; x_wconf 84' lang='grc' dir='ltr'><strong><em>ές</em></strong></span> <span class='ocrx_word' id='word_1_20' title='bbox 833 451 853 524; x_wconf 82' lang='grc' dir='ltr'><strong><em>ὑ</em></strong></span> <span class='ocrx_word' id='word_1_21' title='bbox 872 461 1027 547; x_wconf 88' lang='grc' dir='ltr'><strong><em>κατέβαι-</em></strong></span> 
     </span>
     <span class='ocr_line' id='line_1_4' title="bbox 40 550 1027 644; baseline 0 -19"><span class='ocrx_word' id='word_1_22' title='bbox 40 583 85 625; x_wconf 71' lang='grc' dir='ltr'><strong><em>ὀν</em></strong></span> <span class='ocrx_word' id='word_1_23' title='bbox 95 556 364 642; x_wconf 76' lang='grc' dir='ltr'><strong><em>συλλυπεύμενοι</em></strong></span> <span class='ocrx_word' id='word_1_24' title='bbox 377 557 423 644; x_wconf 75' lang='grc' dir='ltr'><strong><em>τῷ</em></strong></span> <span class='ocrx_word' id='word_1_25' title='bbox 433 550 547 620; x_wconf 78' lang='grc' dir='ltr'><strong><em>πάθει.</em></strong></span> <span class='ocrx_word' id='word_1_26' title='bbox 565 552 670 642; x_wconf 87' lang='grc' dir='ltr'><strong><em>ταύτη</em></strong></span> <span class='ocrx_word' id='word_1_27' title='bbox 685 554 721 621; x_wconf 71' lang='grc' dir='ltr'><strong><em>θλ</em></strong></span> <span class='ocrx_word' id='word_1_28' title='bbox 731 550 918 641; x_wconf 76' lang='grc' dir='ltr'><strong><em>ὑπάγοντες</em></strong></span> <span class='ocrx_word' id='word_1_29' title='bbox 928 555 1027 642; x_wconf 82' lang='grc' dir='ltr'><strong><em>είρύ-</em></strong></span> 
     </span>
     <span class='ocr_line' id='line_1_5' title="bbox 41 648 1027 740; baseline -0.001 -16"><span class='ocrx_word' id='word_1_30' title='bbox 41 679 98 724; x_wconf 86' lang='grc' dir='ltr'><strong><em>εον</em></strong></span> <span class='ocrx_word' id='word_1_31' title='bbox 107 661 183 724; x_wconf 90' lang='grc' dir='ltr'><strong><em>τίνα</em></strong></span> <span class='ocrx_word' id='word_1_32' title='bbox 194 656 292 740; x_wconf 76' lang='grc' dir='ltr'><strong><em>δίκην</em></strong></span> <span class='ocrx_word' id='word_1_33' title='bbox 305 648 349 721; x_wconf 86' lang='grc' dir='ltr'><strong><em>ἀν</em></strong></span> <span class='ocrx_word' id='word_1_34' title='bbox 364 653 482 736; x_wconf 76' lang='grc' dir='ltr'><strong><em>ἕλοιτο,</em></strong></span> <span class='ocrx_word' id='word_1_35' title='bbox 498 654 528 717; x_wconf 84' lang='grc' dir='ltr'><strong><em>εί</em></strong></span> <span class='ocrx_word' id='word_1_36' title='bbox 540 650 692 718; x_wconf 80' lang='grc' dir='ltr'><strong><em>ἐθέλοιεν</em></strong></span> <span class='ocrx_word' id='word_1_37' title='bbox 701 649 960 740; x_wconf 74' lang='grc' dir='ltr'><strong><em>Ἀπολλωνιῆται</em></strong></span> <span class='ocrx_word' id='word_1_38' title='bbox 975 657 1027 723; x_wconf 81' lang='grc' dir='ltr'><strong><em>δί-</em></strong></span> 
     </span>
     <span class='ocr_line' id='line_1_6' title="bbox 42 739 1026 838; baseline 0.001 -20"><span class='ocrx_word' id='word_1_39' title='bbox 42 778 81 831; x_wconf 88' lang='grc' dir='ltr'><strong><em>ας</em></strong></span> <span class='ocrx_word' id='word_1_40' title='bbox 95 749 282 838; x_wconf 81' lang='grc' dir='ltr'><strong><em>ὑποστῆναι</em></strong></span> <span class='ocrx_word' id='word_1_41' title='bbox 296 750 418 818; x_wconf 79' lang='grc' dir='ltr'><strong><em>θύσειν</em></strong></span> <span class='ocrx_word' id='word_1_42' title='bbox 432 739 501 815; x_wconf 79' lang='grc' dir='ltr'><strong><em>τῶν</em></strong></span> <span class='ocrx_word' id='word_1_43' title='bbox 515 750 685 833; x_wconf 80' lang='grc' dir='ltr'><strong><em>ἐποίησαν.</em></strong></span> <span class='ocrx_word' id='word_1_44' title='bbox 712 746 730 818; x_wconf 91' lang='grc' dir='ltr'>ὁ</span> <span class='ocrx_word' id='word_1_45' title='bbox 744 752 781 818; x_wconf 69' lang='grc' dir='ltr'><strong><em>δὲ</em></strong></span> <span class='ocrx_word' id='word_1_46' title='bbox 797 747 860 819; x_wconf 89' lang='grc' dir='ltr'><strong><em>ούκ</em></strong></span> <span class='ocrx_word' id='word_1_47' title='bbox 874 747 1026 838; x_wconf 81' lang='grc' dir='ltr'><strong><em>ἀκηκούς</em></strong></span> 
     </span>
     <span class='ocr_line' id='line_1_7' title="bbox 40 847 1024 940; baseline -0.006 -18"><span class='ocrx_word' id='word_1_48' title='bbox 40 853 58 922; x_wconf 87' lang='grc' dir='ltr'><strong><em>ὁ</em></strong></span> <span class='ocrx_word' id='word_1_49' title='bbox 75 853 286 940; x_wconf 70' lang='grc' dir='ltr'><strong><em>θεοπρόπων</em></strong></span> <span class='ocrx_word' id='word_1_50' title='bbox 301 853 406 920; x_wconf 77' lang='grc' dir='ltr'><strong><em>εἵλετο</em></strong></span> <span class='ocrx_word' id='word_1_51' title='bbox 422 857 533 936; x_wconf 77' lang='grc' dir='ltr'><strong><em>εἴπας,</em></strong></span> <span class='ocrx_word' id='word_1_52' title='bbox 554 856 589 916; x_wconf 87' lang='grc' dir='ltr'><strong><em>εί</em></strong></span> <span class='ocrx_word' id='word_1_53' title='bbox 597 854 647 927; x_wconf 91' lang='grc' dir='ltr'><strong><em>τίς</em></strong></span> <span class='ocrx_word' id='word_1_54' title='bbox 661 853 696 917; x_wconf 84' lang='grc' dir='ltr'><strong><em>οί</em></strong></span> <span class='ocrx_word' id='word_1_55' title='bbox 708 853 781 935; x_wconf 79' lang='grc' dir='ltr'><strong><em>θοίη</em></strong></span> <span class='ocrx_word' id='word_1_56' title='bbox 797 847 939 937; x_wconf 88' lang='grc' dir='ltr'><strong><em>ἀγρούς,</em></strong></span> <span class='ocrx_word' id='word_1_57' title='bbox 957 855 1024 918; x_wconf 78' lang='grc' dir='ltr'><strong><em>τῶν</em></strong></span> 
     </span>
     <span class='ocr_line' id='line_1_8' title="bbox 40 942 1022 1036; baseline -0.005 -17"><span class='ocrx_word' id='word_1_58' title='bbox 40 958 132 1019; x_wconf 62' lang='grc' dir='ltr'><strong><em>’στῶν</em></strong></span> <span class='ocrx_word' id='word_1_59' title='bbox 153 945 345 1036; x_wconf 82' lang='grc' dir='ltr'><strong><em>ούνομάσας</em></strong></span> <span class='ocrx_word' id='word_1_60' title='bbox 363 959 449 1016; x_wconf 70' lang='grc' dir='ltr'><strong><em>τοῖσι</em></strong></span> <span class='ocrx_word' id='word_1_61' title='bbox 463 943 622 1032; x_wconf 87' lang='grc' dir='ltr'><strong><em>ῆπίστατο</em></strong></span> <span class='ocrx_word' id='word_1_62' title='bbox 643 942 728 1014; x_wconf 80' lang='grc' dir='ltr'><strong><em>εἶναι</em></strong></span> <span class='ocrx_word' id='word_1_63' title='bbox 748 950 943 1026; x_wconf 77' lang='grc' dir='ltr'><strong><em>καλλίστους</em></strong></span> <span class='ocrx_word' id='word_1_64' title='bbox 960 944 1022 1014; x_wconf 77' lang='grc' dir='ltr'><strong><em>δύο</em></strong></span> 
     </span>
     <span class='ocr_line' id='line_1_9' title="bbox 40 1041 1023 1137; baseline -0.007 -19"><span class='ocrx_word' id='word_1_65' title='bbox 40 1049 165 1137; x_wconf 84' lang='grc' dir='ltr'><strong><em>λήρους</em></strong></span> <span class='ocrx_word' id='word_1_66' title='bbox 184 1053 252 1116; x_wconf 76' lang='grc' dir='ltr'><strong><em>τῶν</em></strong></span> <span class='ocrx_word' id='word_1_67' title='bbox 271 1048 362 1134; x_wconf 84' lang='grc' dir='ltr'><strong><em>ίντῆ</em></strong></span> <span class='ocrx_word' id='word_1_68' title='bbox 379 1041 601 1131; x_wconf 72' lang='grc' dir='ltr'><strong><em>Ἀπολλωνίῃ,</em></strong></span> <span class='ocrx_word' id='word_1_69' title='bbox 622 1044 678 1110; x_wconf 88' lang='grc' dir='ltr'><strong><em>καὶ</em></strong></span> <span class='ocrx_word' id='word_1_70' title='bbox 694 1050 826 1129; x_wconf 72' lang='grc' dir='ltr'><strong><em>οἴκησιν</em></strong></span> <span class='ocrx_word' id='word_1_71' title='bbox 844 1041 928 1130; x_wconf 87' lang='grc' dir='ltr'><strong><em>πρός</em></strong></span> <span class='ocrx_word' id='word_1_72' title='bbox 941 1041 1023 1111; x_wconf 90' lang='grc' dir='ltr'><strong><em>τού-</em></strong></span> 
     </span>
     <span class='ocr_line' id='line_1_10' title="bbox 40 1139 1022 1232; baseline -0.006 -18"><span class='ocrx_word' id='word_1_73' title='bbox 40 1165 105 1214; x_wconf 86' lang='grc' dir='ltr'><strong><em>οισι</em></strong></span> <span class='ocrx_word' id='word_1_74' title='bbox 129 1142 190 1231; x_wconf 86' lang='grc' dir='ltr'><strong><em>τῆν</em></strong></span> <span class='ocrx_word' id='word_1_75' title='bbox 205 1141 283 1232; x_wconf 73' lang='grc' dir='ltr'><strong><em>ᾔδεε</em></strong></span> <span class='ocrx_word' id='word_1_76' title='bbox 296 1147 476 1228; x_wconf 80' lang='grc' dir='ltr'><strong><em>καλλίστην</em></strong></span> <span class='ocrx_word' id='word_1_77' title='bbox 491 1144 615 1209; x_wconf 82' lang='grc' dir='ltr'><strong><em>έοῦσαν</em></strong></span> <span class='ocrx_word' id='word_1_78' title='bbox 627 1147 696 1208; x_wconf 83' lang='grc' dir='ltr'><strong><em>των</em></strong></span> <span class='ocrx_word' id='word_1_79' title='bbox 715 1142 752 1209; x_wconf 82' lang='grc' dir='ltr'><strong><em>έν</em></strong></span> <span class='ocrx_word' id='word_1_80' title='bbox 767 1147 807 1229; x_wconf 90' lang='grc' dir='ltr'><strong><em>τῆ</em></strong></span> <span class='ocrx_word' id='word_1_81' title='bbox 821 1139 908 1209; x_wconf 87' lang='grc' dir='ltr'><strong><em>πόλι.</em></strong></span> <span class='ocrx_word' id='word_1_82' title='bbox 940 1140 1022 1209; x_wconf 86' lang='grc' dir='ltr'><strong><em>τού-</em></strong></span> 
     </span>
     <span class='ocr_line' id='line_1_11' title="bbox 40 1235 1022 1333; baseline -0.003 -22"><span class='ocrx_word' id='word_1_83' title='bbox 40 1270 87 1311; x_wconf 91' lang='grc' dir='ltr'><strong><em>ων</em></strong></span> <span class='ocrx_word' id='word_1_84' title='bbox 102 1245 138 1311; x_wconf 74' lang='grc' dir='ltr'><strong><em>δέ</em></strong></span> <span class='ocrx_word' id='word_1_85' title='bbox 153 1248 217 1329; x_wconf 89' lang='grc' dir='ltr'><strong><em>έφη</em></strong></span> <span class='ocrx_word' id='word_1_86' title='bbox 228 1241 391 1329; x_wconf 79' lang='grc' dir='ltr'><strong><em>ἐπήβολος</em></strong></span> <span class='ocrx_word' id='word_1_87' title='bbox 403 1240 585 1326; x_wconf 85' lang='grc' dir='ltr'><strong><em>γενόμενος</em></strong></span> <span class='ocrx_word' id='word_1_88' title='bbox 594 1245 661 1333; x_wconf 20' lang='grc' dir='ltr'><strong><em>τοῦ.</em></strong></span> <span class='ocrx_word' id='word_1_89' title='bbox 670 1245 790 1307; x_wconf 83' lang='grc' dir='ltr'><strong><em>λοιποῦ</em></strong></span> <span class='ocrx_word' id='word_1_90' title='bbox 802 1235 960 1327; x_wconf 78' lang='grc' dir='ltr'><strong><em>ἀμήνιτος</em></strong></span> <span class='ocrx_word' id='word_1_91' title='bbox 975 1236 1022 1308; x_wconf 80' lang='grc' dir='ltr'><strong><em>εί-</em></strong></span> 
     </span>
     <span class='ocr_line' id='line_1_12' title="bbox 42 1333 1023 1428; baseline -0.004 -19"><span class='ocrx_word' id='word_1_92' title='bbox 42 1369 93 1428; x_wconf 90' lang='grc' dir='ltr'><strong><em>αι,</em></strong></span> <span class='ocrx_word' id='word_1_93' title='bbox 108 1341 164 1410; x_wconf 81' lang='grc' dir='ltr'><strong><em>καὶ</em></strong></span> <span class='ocrx_word' id='word_1_94' title='bbox 177 1344 274 1427; x_wconf 81' lang='grc' dir='ltr'><strong><em>δίκην</em></strong></span> <span class='ocrx_word' id='word_1_95' title='bbox 289 1343 323 1407; x_wconf 90' lang='grc' dir='ltr'><strong><em>οί</em></strong></span> <span class='ocrx_word' id='word_1_96' title='bbox 334 1336 460 1424; x_wconf 91' lang='grc' dir='ltr'><strong><em>ταύτην</em></strong></span> <span class='ocrx_word' id='word_1_97' title='bbox 474 1334 625 1424; x_wconf 78' lang='grc' dir='ltr'><strong><em>ἀπογράν</em></strong></span> <span class='ocrx_word' id='word_1_98' title='bbox 638 1337 833 1424; x_wconf 81' lang='grc' dir='ltr'><strong><em>γενομένην.</em></strong></span> <span class='ocrx_word' id='word_1_99' title='bbox 853 1340 908 1406; x_wconf 87' lang='grc' dir='ltr'><strong><em>καὶ</em></strong></span> <span class='ocrx_word' id='word_1_100' title='bbox 925 1333 944 1405; x_wconf 87' lang='grc' dir='ltr'>ὁ</span> <span class='ocrx_word' id='word_1_101' title='bbox 960 1339 1023 1423; x_wconf 71' lang='grc' dir='ltr'><strong><em>μέν</em></strong></span> 
     </span>
     <span class='ocr_line' id='line_1_13' title="bbox 40 1432 1021 1526; baseline -0.001 -18"><span class='ocrx_word' id='word_1_102' title='bbox 40 1447 122 1508; x_wconf 80' lang='grc' dir='ltr'><strong><em>αὕτα</em></strong></span> <span class='ocrx_word' id='word_1_103' title='bbox 134 1444 236 1526; x_wconf 83' lang='grc' dir='ltr'><strong><em>ἔλεγε,</em></strong></span> <span class='ocrx_word' id='word_1_104' title='bbox 247 1441 283 1506; x_wconf 92' lang='grc' dir='ltr'><strong><em>οί</em></strong></span> <span class='ocrx_word' id='word_1_105' title='bbox 290 1437 327 1506; x_wconf 75' lang='grc' dir='ltr'><strong><em>δὲ</em></strong></span> <span class='ocrx_word' id='word_1_106' title='bbox 337 1437 500 1525; x_wconf 81' lang='grc' dir='ltr'><strong><em>πάρεδροι</em></strong></span> <span class='ocrx_word' id='word_1_107' title='bbox 511 1434 608 1505; x_wconf 86' lang='grc' dir='ltr'><strong><em>είπαν</em></strong></span> <span class='ocrx_word' id='word_1_108' title='bbox 619 1432 862 1525; x_wconf 79' lang='grc' dir='ltr'><strong><em>ὑπολαβόντες·</em></strong></span> <span class='ocrx_word' id='word_1_109' title='bbox 884 1435 1021 1526; x_wconf 85' lang='grc' dir='ltr'><strong><em>Εὑῆνιε,</em></strong></span> 
     </span>
     <span class='ocr_line' id='line_1_14' title="bbox 40 1531 1025 1625; baseline -0.003 -18"><span class='ocrx_word' id='word_1_110' title='bbox 40 1537 144 1625; x_wconf 93' lang='grc' dir='ltr'><strong><em>αύτην</em></strong></span> <span class='ocrx_word' id='word_1_111' title='bbox 159 1539 257 1622; x_wconf 81' lang='grc' dir='ltr'><strong><em>δίκην</em></strong></span> <span class='ocrx_word' id='word_1_112' title='bbox 273 1531 532 1621; x_wconf 72' lang='grc' dir='ltr'><strong><em>Ἀπολλωνιῆται</em></strong></span> <span class='ocrx_word' id='word_1_113' title='bbox 544 1539 602 1620; x_wconf 87' lang='grc' dir='ltr'><strong><em>τῆς</em></strong></span> <span class='ocrx_word' id='word_1_114' title='bbox 615 1533 842 1621; x_wconf 70' lang='grc' dir='ltr'><strong><em>ἐκτυφλώσιος</em></strong></span> <span class='ocrx_word' id='word_1_115' title='bbox 856 1537 1025 1616; x_wconf 80' lang='grc' dir='ltr'><strong><em>ἐκτίνουσί</em></strong></span> 
     </span>
     <span class='ocr_line' id='line_1_15' title="bbox 40 1628 1022 1721; baseline -0.001 -19"><span class='ocrx_word' id='word_1_116' title='bbox 40 1661 71 1702; x_wconf 92' lang='grc' dir='ltr'><strong><em>οι</em></strong></span> <span class='ocrx_word' id='word_1_117' title='bbox 81 1633 165 1703; x_wconf 80' lang='grc' dir='ltr'><strong><em>κατὰ</em></strong></span> <span class='ocrx_word' id='word_1_118' title='bbox 175 1631 216 1701; x_wconf 84' lang='grc' dir='ltr'><strong><em>τά</em></strong></span> <span class='ocrx_word' id='word_1_119' title='bbox 226 1632 418 1721; x_wconf 86' lang='grc' dir='ltr'><strong><em>θεοπρόπια</em></strong></span> <span class='ocrx_word' id='word_1_120' title='bbox 428 1630 469 1699; x_wconf 82' lang='grc' dir='ltr'><strong><em>τά</em></strong></span> <span class='ocrx_word' id='word_1_121' title='bbox 479 1632 653 1719; x_wconf 87' lang='grc' dir='ltr'><strong><em>γενόμενα.</em></strong></span> <span class='ocrx_word' id='word_1_122' title='bbox 672 1629 709 1700; x_wconf 85' lang='lat'><strong><em>‘0</em></strong></span> <span class='ocrx_word' id='word_1_123' title='bbox 719 1632 782 1719; x_wconf 73' lang='grc' dir='ltr'><strong><em>μὲν</em></strong></span> <span class='ocrx_word' id='word_1_124' title='bbox 793 1629 834 1720; x_wconf 79' lang='grc' dir='ltr'><strong><em>θῆ</em></strong></span> <span class='ocrx_word' id='word_1_125' title='bbox 845 1628 929 1720; x_wconf 87' lang='grc' dir='ltr'><strong><em>πρός</em></strong></span> <span class='ocrx_word' id='word_1_126' title='bbox 940 1639 1022 1701; x_wconf 83' lang='grc' dir='ltr'><strong><em>ταύ-</em></strong></span> 
     </span>
     <span class='ocr_line' id='line_1_16' title="bbox 40 1726 1022 1816; baseline 0.002 -17"><span class='ocrx_word' id='word_1_127' title='bbox 40 1757 59 1798; x_wconf 92' lang='grc' dir='ltr'><strong><em>α</em></strong></span> <span class='ocrx_word' id='word_1_128' title='bbox 75 1726 169 1799; x_wconf 77' lang='grc' dir='ltr'><strong><em>δεινά</em></strong></span> <span class='ocrx_word' id='word_1_129' title='bbox 185 1731 348 1814; x_wconf 77' lang='grc' dir='ltr'><strong><em>ἐποιέετο,</em></strong></span> <span class='ocrx_word' id='word_1_130' title='bbox 371 1731 532 1796; x_wconf 84' lang='grc' dir='ltr'><strong><em>ἐνθεῦτεν</em></strong></span> <span class='ocrx_word' id='word_1_131' title='bbox 547 1728 742 1816; x_wconf 88' lang='grc' dir='ltr'><strong><em>πυθόμενος</em></strong></span> <span class='ocrx_word' id='word_1_132' title='bbox 755 1727 817 1799; x_wconf 85' lang='grc' dir='ltr'><strong><em>τόν</em></strong></span> <span class='ocrx_word' id='word_1_133' title='bbox 835 1731 945 1801; x_wconf 87' lang='grc' dir='ltr'><strong><em>πάντα</em></strong></span> <span class='ocrx_word' id='word_1_134' title='bbox 961 1731 1022 1800; x_wconf 89' lang='grc' dir='ltr'><strong><em>λό-</em></strong></span> 
     </span>
     <span class='ocr_line' id='line_1_17' title="bbox 40 1823 1023 1917; baseline -0.004 -19"><span class='ocrx_word' id='word_1_135' title='bbox 40 1855 93 1917; x_wconf 94' lang='grc' dir='ltr'><strong><em>ον,</em></strong></span> <span class='ocrx_word' id='word_1_136' title='bbox 109 1825 154 1907; x_wconf 79' lang='grc' dir='ltr'><strong><em>ὡς</em></strong></span> <span class='ocrx_word' id='word_1_137' title='bbox 167 1824 394 1913; x_wconf 80' lang='grc' dir='ltr'><strong><em>ἐξαπατηθείς,</em></strong></span> <span class='ocrx_word' id='word_1_138' title='bbox 408 1829 443 1894; x_wconf 89' lang='grc' dir='ltr'><strong><em>οί</em></strong></span> <span class='ocrx_word' id='word_1_139' title='bbox 456 1825 492 1893; x_wconf 69' lang='grc' dir='ltr'><strong><em>δὲ</em></strong></span> <span class='ocrx_word' id='word_1_140' title='bbox 507 1824 686 1913; x_wconf 86' lang='grc' dir='ltr'><strong><em>πριάμενοι</em></strong></span> <span class='ocrx_word' id='word_1_141' title='bbox 694 1823 858 1911; x_wconf 80' lang='grc' dir='ltr'><strong><em>παράτῶν</em></strong></span> <span class='ocrx_word' id='word_1_142' title='bbox 864 1828 1023 1914; x_wconf 77' lang='grc' dir='ltr'><strong><em>κεκτημέ-</em></strong></span> 
     </span>
     <span class='ocr_line' id='line_1_18' title="bbox 42 1921 1021 2012; baseline -0.004 -15"><span class='ocrx_word' id='word_1_143' title='bbox 42 1956 91 1997; x_wconf 94' lang='grc' dir='ltr'><strong><em>ων</em></strong></span> <span class='ocrx_word' id='word_1_144' title='bbox 109 1932 243 1998; x_wconf 76' lang='grc' dir='ltr'><strong><em>διδοῦσί</em></strong></span> <span class='ocrx_word' id='word_1_145' title='bbox 261 1930 296 1996; x_wconf 86' lang='grc' dir='ltr'><strong><em>οί</em></strong></span> <span class='ocrx_word' id='word_1_146' title='bbox 313 1922 354 1994; x_wconf 87' lang='grc' dir='ltr'><strong><em>τά</em></strong></span> <span class='ocrx_word' id='word_1_147' title='bbox 375 1928 489 1995; x_wconf 79' lang='grc' dir='ltr'><strong><em>είλετο.</em></strong></span> <span class='ocrx_word' id='word_1_148' title='bbox 519 1928 574 1994; x_wconf 77' lang='grc' dir='ltr'><strong><em>καί</em></strong></span> <span class='ocrx_word' id='word_1_149' title='bbox 595 1921 676 2011; x_wconf 83' lang='grc' dir='ltr'><strong><em>μετά</em></strong></span> <span class='ocrx_word' id='word_1_150' title='bbox 699 1931 803 1994; x_wconf 81' lang='grc' dir='ltr'><strong><em>ταῦτα</em></strong></span> <span class='ocrx_word' id='word_1_151' title='bbox 824 1922 942 1995; x_wconf 82' lang='grc' dir='ltr'><strong><em>αὐτίκα</em></strong></span> <span class='ocrx_word' id='word_1_152' title='bbox 962 1930 1021 2012; x_wconf 80' lang='grc' dir='ltr'><strong><em>έμ-</em></strong></span> 
     </span>
     <span class='ocr_line' id='line_1_19' title="bbox 40 2019 1019 2114; baseline -0.001 -23"><span class='ocrx_word' id='word_1_153' title='bbox 40 2054 129 2095; x_wconf 76' lang='grc' dir='ltr'><strong><em>ιυτον</em></strong></span> <span class='ocrx_word' id='word_1_154' title='bbox 153 2025 318 2114; x_wconf 85' lang='grc' dir='ltr'><strong><em>μαντικῆν</em></strong></span> <span class='ocrx_word' id='word_1_155' title='bbox 340 2023 404 2111; x_wconf 83' lang='grc' dir='ltr'><strong><em>εἶχε</em></strong></span> <span class='ocrx_word' id='word_1_156' title='bbox 430 2021 514 2092; x_wconf 71' lang='grc' dir='ltr'><strong><em>ὥστε</em></strong></span> <span class='ocrx_word' id='word_1_157' title='bbox 537 2025 593 2092; x_wconf 81' lang='grc' dir='ltr'><strong><em>καλ</em></strong></span> <span class='ocrx_word' id='word_1_158' title='bbox 619 2019 827 2110; x_wconf 87' lang='grc' dir='ltr'><strong><em>ούνομαστός</em></strong></span> <span class='ocrx_word' id='word_1_159' title='bbox 850 2025 1019 2110; x_wconf 86' lang='grc' dir='ltr'><strong><em>γενέσθαι.</em></strong></span> 
     </span>
     <span class='ocr_line' id='line_1_20' title="bbox 40 2117 1065 2212; baseline -0.006 -20"><span class='ocrx_word' id='word_1_160' title='bbox 40 2125 153 2194; x_wconf 59' lang='grc' dir='ltr'><strong><em>Ἷούτου</em></strong></span> <span class='ocrx_word' id='word_1_161' title='bbox 175 2122 217 2212; x_wconf 74' lang='grc' dir='ltr'><strong><em>βῆ</em></strong></span> <span class='ocrx_word' id='word_1_162' title='bbox 241 2121 259 2193; x_wconf 88' lang='grc' dir='ltr'><strong><em>ὑ</em></strong></span> <span class='ocrx_word' id='word_1_163' title='bbox 279 2129 454 2210; x_wconf 85' lang='grc' dir='ltr'><strong><em>Δηίφονος</em></strong></span> <span class='ocrx_word' id='word_1_164' title='bbox 474 2119 540 2190; x_wconf 79' lang='grc' dir='ltr'><strong><em>ε’άν</em></strong></span> <span class='ocrx_word' id='word_1_165' title='bbox 564 2135 641 2200; x_wconf 83' lang='grc' dir='ltr'><strong><em>ταῖς</em></strong></span> <span class='ocrx_word' id='word_1_166' title='bbox 660 2127 722 2189; x_wconf 83' lang='grc' dir='ltr'><strong><em>τοῦ</em></strong></span> <span class='ocrx_word' id='word_1_167' title='bbox 742 2117 893 2208; x_wconf 84' lang='grc' dir='ltr'><strong><em>Εύηνίου</em></strong></span> <span class='ocrx_word' id='word_1_168' title='bbox 915 2117 1065 2207; x_wconf 77' lang='grc' dir='ltr'><strong><em>ἀγόν-95</em></strong></span> 
     </span>
     <span class='ocr_line' id='line_1_21' title="bbox 40 2215 1021 2309; baseline -0.005 -18"><span class='ocrx_word' id='word_1_169' title='bbox 40 2248 85 2291; x_wconf 90' lang='grc' dir='ltr'><strong><em>ων</em></strong></span> <span class='ocrx_word' id='word_1_170' title='bbox 95 2226 293 2309; x_wconf 87' lang='grc' dir='ltr'><strong><em>Κορινθίων</em></strong></span> <span class='ocrx_word' id='word_1_171' title='bbox 305 2215 505 2309; x_wconf 74' lang='grc' dir='ltr'><strong><em>ἐμαντεύετο</em></strong></span> <span class='ocrx_word' id='word_1_172' title='bbox 516 2224 556 2309; x_wconf 91' lang='grc' dir='ltr'><strong><em>τῆ</em></strong></span> <span class='ocrx_word' id='word_1_173' title='bbox 572 2226 718 2307; x_wconf 77' lang='grc' dir='ltr'><strong><em>στρατιῇ.</em></strong></span> <span class='ocrx_word' id='word_1_174' title='bbox 746 2217 810 2305; x_wconf 80' lang='grc' dir='ltr'><strong><em>ῆὺη</em></strong></span> <span class='ocrx_word' id='word_1_175' title='bbox 827 2220 864 2286; x_wconf 76' lang='grc' dir='ltr'><strong><em>δὲ</em></strong></span> <span class='ocrx_word' id='word_1_176' title='bbox 878 2221 933 2286; x_wconf 84' lang='grc' dir='ltr'><strong><em>καὶ</em></strong></span> <span class='ocrx_word' id='word_1_177' title='bbox 943 2218 1021 2287; x_wconf 75' lang='grc' dir='ltr'><strong><em>τόδε</em></strong></span> 
     </span>
     <span class='ocr_line' id='line_1_22' title="bbox 40 2315 1021 2407; baseline -0.001 -20"><span class='ocrx_word' id='word_1_178' title='bbox 40 2339 163 2404; x_wconf 88' lang='grc' dir='ltr'><strong><em>κουσα,</em></strong></span> <span class='ocrx_word' id='word_1_179' title='bbox 179 2318 223 2398; x_wconf 77' lang='grc' dir='ltr'><strong><em>ὡς</em></strong></span> <span class='ocrx_word' id='word_1_180' title='bbox 237 2316 255 2386; x_wconf 90' lang='grc' dir='ltr'><strong><em>ὑ</em></strong></span> <span class='ocrx_word' id='word_1_181' title='bbox 269 2325 444 2406; x_wconf 83' lang='grc' dir='ltr'><strong><em>Δηίφονος</em></strong></span> <span class='ocrx_word' id='word_1_182' title='bbox 457 2319 664 2407; x_wconf 79' lang='grc' dir='ltr'><strong><em>ἐπιβατεύων</em></strong></span> <span class='ocrx_word' id='word_1_183' title='bbox 677 2325 739 2387; x_wconf 85' lang='grc' dir='ltr'><strong><em>τού</em></strong></span> <span class='ocrx_word' id='word_1_184' title='bbox 753 2316 904 2406; x_wconf 73' lang='grc' dir='ltr'><strong><em>Εὐηνίου</em></strong></span> <span class='ocrx_word' id='word_1_185' title='bbox 918 2315 1021 2386; x_wconf 77' lang='grc' dir='ltr'><strong><em>ούνό-</em></strong></span> 
     </span>
     <span class='ocr_line' id='line_1_23' title="bbox 41 2413 1021 2505; baseline -0.001 -20"><span class='ocrx_word' id='word_1_186' title='bbox 41 2442 118 2496; x_wconf 90' lang='grc' dir='ltr'><strong><em>ατος</em></strong></span> <span class='ocrx_word' id='word_1_187' title='bbox 132 2417 332 2505; x_wconf 80' lang='grc' dir='ltr'><strong><em>ἐξελάμβανε</em></strong></span> <span class='ocrx_word' id='word_1_188' title='bbox 349 2420 402 2485; x_wconf 81' lang='grc' dir='ltr'><strong><em>ἐπὶ</em></strong></span> <span class='ocrx_word' id='word_1_189' title='bbox 415 2413 477 2503; x_wconf 88' lang='grc' dir='ltr'><strong><em>τῆν</em></strong></span> <span class='ocrx_word' id='word_1_190' title='bbox 492 2413 634 2486; x_wconf 75' lang='grc' dir='ltr'><strong><em>Ἑλλάδα</em></strong></span> <span class='ocrx_word' id='word_1_191' title='bbox 648 2421 746 2503; x_wconf 80' lang='grc' dir='ltr'><strong><em>ἔργα,</em></strong></span> <span class='ocrx_word' id='word_1_192' title='bbox 768 2413 831 2484; x_wconf 90' lang='grc' dir='ltr'><strong><em>ούκ</em></strong></span> <span class='ocrx_word' id='word_1_193' title='bbox 846 2413 912 2485; x_wconf 77' lang='grc' dir='ltr'><strong><em>ἐάν</em></strong></span> <span class='ocrx_word' id='word_1_194' title='bbox 927 2413 1021 2504; x_wconf 84' lang='grc' dir='ltr'><strong><em>Εάη·</em></strong></span> 
     </span>
     <span class='ocr_line' id='line_1_24' title="bbox 40 2519 196 2591; baseline -0.013 -9"><span class='ocrx_word' id='word_1_195' title='bbox 40 2519 94 2582; x_wconf 89' lang='grc' dir='ltr'><strong><em>ίου</em></strong></span> <span class='ocrx_word' id='word_1_196' title='bbox 110 2526 196 2591; x_wconf 77' lang='grc' dir='ltr'><strong><em>παῖς.</em></strong></span> 
     </span>
    </p>

    <p class='ocr_par' dir='ltr' id='par_1_3' title="bbox 40 2607 1099 3490">
     <span class='ocr_line' id='line_1_25' title="bbox 104 2607 1063 2700; baseline 0.002 -22"><span class='ocrx_word' id='word_1_197' title='bbox 104 2618 198 2679; x_wconf 84' lang='grc' dir='ltr'><strong><em>Τοίσι</em></strong></span> <span class='ocrx_word' id='word_1_198' title='bbox 218 2611 254 2678; x_wconf 75' lang='grc' dir='ltr'><strong><em>δὲ</em></strong></span> <span class='ocrx_word' id='word_1_199' title='bbox 270 2607 403 2697; x_wconf 77' lang='grc' dir='ltr'><strong><em>Ἕλλησι</em></strong></span> <span class='ocrx_word' id='word_1_200' title='bbox 427 2608 470 2690; x_wconf 81' lang='grc' dir='ltr'><strong><em>ὡς</em></strong></span> <span class='ocrx_word' id='word_1_201' title='bbox 486 2613 696 2700; x_wconf 84' lang='grc' dir='ltr'><strong><em>έκαλλίρησε,</em></strong></span> <span class='ocrx_word' id='word_1_202' title='bbox 719 2608 847 2700; x_wconf 78' lang='grc' dir='ltr'><strong><em>ἀνῆγον</em></strong></span> <span class='ocrx_word' id='word_1_203' title='bbox 866 2607 925 2690; x_wconf 84' lang='grc' dir='ltr'><strong><em>τάς</em></strong></span> <span class='ocrx_word' id='word_1_204' title='bbox 941 2614 1063 2690; x_wconf 73' lang='grc' dir='ltr'><strong><em>νέαςθσ</em></strong></span> 
     </span>
     <span class='ocr_line' id='line_1_26' title="bbox 40 2705 1018 2795; baseline 0.001 -20"><span class='ocrx_word' id='word_1_205' title='bbox 40 2735 53 2775; x_wconf 87' lang='grc' dir='ltr'><strong><em>ι</em></strong></span> <span class='ocrx_word' id='word_1_206' title='bbox 73 2715 130 2795; x_wconf 88' lang='grc' dir='ltr'><strong><em>τῆς</em></strong></span> <span class='ocrx_word' id='word_1_207' title='bbox 147 2707 264 2793; x_wconf 88' lang='grc' dir='ltr'><strong><em>Δῆλον</em></strong></span> <span class='ocrx_word' id='word_1_208' title='bbox 285 2705 370 2789; x_wconf 85' lang='grc' dir='ltr'><strong><em>πρός</em></strong></span> <span class='ocrx_word' id='word_1_209' title='bbox 393 2705 455 2794; x_wconf 85' lang='grc' dir='ltr'><strong><em>τῆν</em></strong></span> <span class='ocrx_word' id='word_1_210' title='bbox 474 2709 604 2794; x_wconf 90' lang='grc' dir='ltr'><strong><em>Σάμον.</em></strong></span> <span class='ocrx_word' id='word_1_211' title='bbox 636 2710 706 2778; x_wconf 76' lang='grc' dir='ltr'><strong><em>ἐπεὶ</em></strong></span> <span class='ocrx_word' id='word_1_212' title='bbox 728 2711 765 2778; x_wconf 69' lang='grc' dir='ltr'><strong><em>δὲ</em></strong></span> <span class='ocrx_word' id='word_1_213' title='bbox 785 2713 940 2794; x_wconf 70' lang='grc' dir='ltr'><strong><em>ἐγένοντο</em></strong></span> <span class='ocrx_word' id='word_1_214' title='bbox 960 2715 1018 2795; x_wconf 88' lang='grc' dir='ltr'><strong><em>τῆς</em></strong></span> 
     </span>
     <span class='ocr_line' id='line_1_27' title="bbox 40 2801 1019 2901; baseline 0.002 -28"><span class='ocrx_word' id='word_1_215' title='bbox 40 2811 145 2892; x_wconf 70' lang='grc' dir='ltr'><strong><em>ἴαμίης</em></strong></span> <span class='ocrx_word' id='word_1_216' title='bbox 160 2801 245 2891; x_wconf 87' lang='grc' dir='ltr'><strong><em>πρός</em></strong></span> <span class='ocrx_word' id='word_1_217' title='bbox 258 2804 463 2893; x_wconf 87' lang='grc' dir='ltr'><strong><em>Καλάμοισι,</em></strong></span> <span class='ocrx_word' id='word_1_218' title='bbox 479 2810 514 2874; x_wconf 85' lang='grc' dir='ltr'><strong><em>οί</em></strong></span> <span class='ocrx_word' id='word_1_219' title='bbox 525 2805 588 2893; x_wconf 70' lang='grc' dir='ltr'><strong><em>μὲν</em></strong></span> <span class='ocrx_word' id='word_1_220' title='bbox 601 2804 708 2876; x_wconf 80' lang='grc' dir='ltr'><strong><em>αὑτοῦ</em></strong></span> <span class='ocrx_word' id='word_1_221' title='bbox 722 2804 942 2901; x_wconf 74' lang='grc' dir='ltr'><strong><em>ὁρμισάμενοι</em></strong></span> <span class='ocrx_word' id='word_1_222' title='bbox 956 2833 1019 2875; x_wconf 88' lang='grc' dir='ltr'><strong><em>κα-</em></strong></span> 
     </span>
     <span class='ocr_line' id='line_1_28' title="bbox 40 2900 1099 2995; baseline 0.001 -23"><span class='ocrx_word' id='word_1_223' title='bbox 40 2902 54 2972; x_wconf 69' lang='grc' dir='ltr'><strong><em>ῗι</em></strong></span> <span class='ocrx_word' id='word_1_224' title='bbox 75 2900 112 2971; x_wconf 85' lang='grc' dir='ltr'><strong><em>τό</em></strong></span> <span class='ocrx_word' id='word_1_225' title='bbox 130 2900 268 2990; x_wconf 79' lang='grc' dir='ltr'><strong><em>Ἡραῖον</em></strong></span> <span class='ocrx_word' id='word_1_226' title='bbox 284 2900 321 2971; x_wconf 88' lang='grc' dir='ltr'><strong><em>τό</em></strong></span> <span class='ocrx_word' id='word_1_227' title='bbox 342 2904 447 2994; x_wconf 82' lang='grc' dir='ltr'><strong><em>ταύτη</em></strong></span> <span class='ocrx_word' id='word_1_228' title='bbox 463 2907 750 2994; x_wconf 68' lang='grc' dir='ltr'><strong><em>παρεσκευάζοπο</em></strong></span> <span class='ocrx_word' id='word_1_229' title='bbox 768 2908 802 2987; x_wconf 83' lang='grc' dir='ltr'><strong><em>ίς</em></strong></span> <span class='ocrx_word' id='word_1_230' title='bbox 818 2914 1018 2995; x_wconf 86' lang='grc' dir='ltr'><strong><em>ναυμαχίην,</em></strong></span> <span class='ocrx_word' id='word_1_231' title='bbox 1097 2969 1099 2973; x_wconf 20' lang='lat'><em>⁴</em></span> 
     </span>
     <span class='ocr_line' id='line_1_29' title="bbox 40 3000 1018 3093; baseline 0.004 -23"><span class='ocrx_word' id='word_1_232' title='bbox 40 3005 97 3071; x_wconf 71' lang='grc' dir='ltr'><strong><em>ΐθέ</em></strong></span> <span class='ocrx_word' id='word_1_233' title='bbox 111 3005 239 3090; x_wconf 87' lang='grc' dir='ltr'><strong><em>Πέρσαι</em></strong></span> <span class='ocrx_word' id='word_1_234' title='bbox 254 3000 448 3090; x_wconf 84' lang='grc' dir='ltr'><strong><em>πυθόμενοί</em></strong></span> <span class='ocrx_word' id='word_1_235' title='bbox 464 3025 570 3091; x_wconf 87' lang='grc' dir='ltr'><strong><em>σφεας</em></strong></span> <span class='ocrx_word' id='word_1_236' title='bbox 589 3004 805 3092; x_wconf 83' lang='grc' dir='ltr'><strong><em>προσπλάειν</em></strong></span> <span class='ocrx_word' id='word_1_237' title='bbox 819 3002 947 3093; x_wconf 83' lang='grc' dir='ltr'><strong><em>ἀνῆγον</em></strong></span> <span class='ocrx_word' id='word_1_238' title='bbox 963 3007 1018 3074; x_wconf 80' lang='grc' dir='ltr'><strong><em>καὶ</em></strong></span> 
     </span>
     <span class='ocr_line' id='line_1_30' title="bbox 40 3098 1018 3194; baseline 0.008 -26"><span class='ocrx_word' id='word_1_239' title='bbox 40 3098 109 3170; x_wconf 80' lang='grc' dir='ltr'><strong><em>ύτολ</em></strong></span> <span class='ocrx_word' id='word_1_240' title='bbox 124 3099 208 3190; x_wconf 84' lang='grc' dir='ltr'><strong><em>πρὸς</em></strong></span> <span class='ocrx_word' id='word_1_241' title='bbox 218 3099 282 3190; x_wconf 86' lang='grc' dir='ltr'><strong><em>τῆν</em></strong></span> <span class='ocrx_word' id='word_1_242' title='bbox 294 3099 436 3192; x_wconf 85' lang='grc' dir='ltr'><strong><em>ῆπειρον</em></strong></span> <span class='ocrx_word' id='word_1_243' title='bbox 448 3103 507 3186; x_wconf 77' lang='grc' dir='ltr'><strong><em>τὰς</em></strong></span> <span class='ocrx_word' id='word_1_244' title='bbox 521 3111 599 3187; x_wconf 91' lang='grc' dir='ltr'><strong><em>νέας</em></strong></span> <span class='ocrx_word' id='word_1_245' title='bbox 612 3105 671 3187; x_wconf 82' lang='grc' dir='ltr'><strong><em>τάς</em></strong></span> <span class='ocrx_word' id='word_1_246' title='bbox 684 3105 802 3194; x_wconf 83' lang='grc' dir='ltr'><strong><em>άλλας,</em></strong></span> <span class='ocrx_word' id='word_1_247' title='bbox 817 3104 876 3186; x_wconf 85' lang='grc' dir='ltr'><strong><em>τάς</em></strong></span> <span class='ocrx_word' id='word_1_248' title='bbox 887 3109 924 3176; x_wconf 78' lang='grc' dir='ltr'><strong><em>δὲ</em></strong></span> <span class='ocrx_word' id='word_1_249' title='bbox 935 3115 1018 3176; x_wconf 89' lang='grc' dir='ltr'><strong><em>Φοι-</em></strong></span> 
     </span>
     <span class='ocr_line' id='line_1_31' title="bbox 40 3197 1017 3296; baseline 0.009 -28"><span class='ocrx_word' id='word_1_250' title='bbox 40 3205 119 3268; x_wconf 86' lang='grc' dir='ltr'><strong><em>ίκων</em></strong></span> <span class='ocrx_word' id='word_1_251' title='bbox 130 3197 262 3286; x_wconf 83' lang='grc' dir='ltr'><strong><em>ἀπῆκαν</em></strong></span> <span class='ocrx_word' id='word_1_252' title='bbox 275 3200 470 3274; x_wconf 66' lang='grc' dir='ltr'><strong><em>ἀποπλείειν</em></strong></span> <span class='ocrx_word' id='word_1_253' title='bbox 500 3209 775 3296; x_wconf 80' lang='grc' dir='ltr'><strong><em>Βουλευομένοισι</em></strong></span> <span class='ocrx_word' id='word_1_254' title='bbox 788 3205 854 3295; x_wconf 89' lang='grc' dir='ltr'><strong><em>γάρ</em></strong></span> <span class='ocrx_word' id='word_1_255' title='bbox 869 3227 929 3296; x_wconf 89' lang='grc' dir='ltr'><strong><em>σφι</em></strong></span> <span class='ocrx_word' id='word_1_256' title='bbox 940 3209 1017 3277; x_wconf 80' lang='grc' dir='ltr'><strong><em>ἐδό-</em></strong></span> 
     </span>
     <span class='ocr_line' id='line_1_32' title="bbox 40 3297 1017 3394; baseline 0.006 -26"><span class='ocrx_word' id='word_1_257' title='bbox 40 3325 69 3368; x_wconf 85' lang='grc' dir='ltr'><strong><em>εε</em></strong></span> <span class='ocrx_word' id='word_1_258' title='bbox 84 3307 272 3388; x_wconf 80' lang='grc' dir='ltr'><strong><em>ναυμαχίην</em></strong></span> <span class='ocrx_word' id='word_1_259' title='bbox 284 3300 329 3390; x_wconf 87' lang='grc' dir='ltr'><strong><em>μῆ</em></strong></span> <span class='ocrx_word' id='word_1_260' title='bbox 341 3305 531 3374; x_wconf 84' lang='grc' dir='ltr'><strong><em>ποιέεσθαι·</em></strong></span> <span class='ocrx_word' id='word_1_261' title='bbox 551 3302 593 3374; x_wconf 89' lang='grc' dir='ltr'><strong><em>οὑ</em></strong></span> <span class='ocrx_word' id='word_1_262' title='bbox 607 3331 673 3394; x_wconf 89' lang='grc' dir='ltr'><strong><em>γαρ</em></strong></span> <span class='ocrx_word' id='word_1_263' title='bbox 690 3297 740 3375; x_wconf 84' lang='grc' dir='ltr'><strong><em>ύν</em></strong></span> <span class='ocrx_word' id='word_1_264' title='bbox 756 3305 894 3375; x_wconf 81' lang='grc' dir='ltr'><strong><em>έθόκεον</em></strong></span> <span class='ocrx_word' id='word_1_265' title='bbox 907 3302 1017 3393; x_wconf 74' lang='grc' dir='ltr'><strong><em>ὁμοῖοι</em></strong></span> 
     </span>
     <span class='ocr_line' id='line_1_33' title="bbox 40 3396 1016 3490; baseline 0.005 -26"><span class='ocrx_word' id='word_1_266' title='bbox 40 3399 113 3465; x_wconf 83' lang='grc' dir='ltr'><strong><em>ναι·</em></strong></span> <span class='ocrx_word' id='word_1_267' title='bbox 137 3399 171 3478; x_wconf 82' lang='grc' dir='ltr'><strong><em>ές</em></strong></span> <span class='ocrx_word' id='word_1_268' title='bbox 187 3399 224 3467; x_wconf 76' lang='grc' dir='ltr'><strong><em>δέ</em></strong></span> <span class='ocrx_word' id='word_1_269' title='bbox 240 3396 302 3486; x_wconf 86' lang='grc' dir='ltr'><strong><em>τῆν</em></strong></span> <span class='ocrx_word' id='word_1_270' title='bbox 316 3399 457 3490; x_wconf 88' lang='grc' dir='ltr'><strong><em>ῆπειρον</em></strong></span> <span class='ocrx_word' id='word_1_271' title='bbox 471 3401 667 3490; x_wconf 81' lang='grc' dir='ltr'><strong><em>ἀπέπλωον,</em></strong></span> <span class='ocrx_word' id='word_1_272' title='bbox 681 3401 769 3482; x_wconf 85' lang='grc' dir='ltr'><strong><em>όκως</em></strong></span> <span class='ocrx_word' id='word_1_273' title='bbox 782 3407 861 3472; x_wconf 86' lang='grc' dir='ltr'><strong><em>έωσι</em></strong></span> <span class='ocrx_word' id='word_1_274' title='bbox 875 3398 943 3472; x_wconf 87' lang='grc' dir='ltr'><strong><em>ὑπό</em></strong></span> <span class='ocrx_word' id='word_1_275' title='bbox 956 3399 1016 3471; x_wconf 85' lang='grc' dir='ltr'><strong><em>τόν</em></strong></span> 
     </span>
    </p>
   </div>
   <div class='ocr_carea' id='block_1_3' title="bbox 0 0 1194 3840">
    <p class='ocr_par' dir='ltr' id='par_1_4' title="bbox 0 0 1194 3840">
     <span class='ocr_line' id='line_1_34' title="bbox 0 0 1194 3840; baseline 0 0"><span class='ocrx_word' id='word_1_276' title='bbox 0 0 1194 3840; x_wconf 95' lang='lat' dir='ltr'><strong><em> </em></strong></span> 
     </span>
    </p>
   </div>
  </div>
 </body>
</html>
