2378 3840
347 199 432 257 ΗΒ.
464 199 499 255 V.
534 199 632 258 cAP.
667 207 807 262 22-31.
1037 197 1078 261 13

71 358 149 426 τότε
165 357 200 424 δὲ
215 359 251 425 έκ
261 357 392 426 τούτων
400 365 469 426 τῶν
479 366 606 426 πολίων
617 350 683 425 τάδε
693 360 809 446 ἤρχετο
822 359 907 428 κακά
920 366 1076 448 γίνεσθαι

71 463 114 545 τή
134 451 250 541 Ἰωνίη.
279 457 316 523 έκ
337 455 456 538 Νάξον
478 462 607 543 ἔφυγον
628 453 748 545 ἄνδρες
769 464 838 526 τῶν
859 461 991 546 παχέων
1010 448 1076 527 ὑπό

70 560 136 622 τοῦ
152 551 277 640 δήμου,
298 555 464 642 φυγόντες
485 555 522 624 δέ
541 552 701 623 ἀπίκοντο
722 558 755 635 ές
768 563 932 643 Μίλητον.
963 563 1021 643 τῆς
1041 557 1079 624 δέ

72 651 233 738 Μιλήτου
246 651 404 740 ἐτύγχανε
425 656 601 740 ἐπίτροπος
614 651 681 722 ἐάν
699 651 932 742 Ἀρισταγόρης
945 651 963 721 ὁ
978 660 1078 722 Μολ-

71 749 247 836 παγόρεω,
274 751 425 838 γαμβρός
451 778 487 820 τε
514 749 580 820 έάν
599 753 655 821 καί
678 749 816 834 ἀνεψιὸς
840 751 996 822 Ἱστιαίου
1016 757 1078 818 τοῦ

72 847 298 937 Λυσαγόρεω,
315 847 376 918 τὸν
390 848 408 919 ὁ
422 860 567 936 Δαρεῖος
582 852 620 917 έν
633 850 796 919 Σούσοισι
813 864 950 935 κατεῖχε.
978 845 997 917 ὁ
1012 844 1078 935 γάρ

66 945 220 1024 Ἱστιαῖος
233 947 400 1034 τύραννος
409 941 454 1035 ήν
464 947 632 1035 Μιλήτου,
647 950 703 1016 καὶ
714 946 873 1033 ἐτύγχανε
886 953 1008 1015 τοῦτον
1018 942 1079 1012 τὸν

71 1042 200 1132 χρόνον
219 1041 286 1112 έύν
305 1047 343 1114 έν
358 1046 539 1130 Σούσοισι,
562 1044 617 1114 ὅτε
634 1050 668 1114 ολ
685 1046 808 1125 Νάξιοι
827 1038 955 1133 ήλθον,
977 1047 1078 1124 ξεῖνοι

71 1145 156 1229 πρὶν
172 1140 283 1221 έόντες
295 1141 501 1234 τῷἹστιαίφ.
524 1140 722 1230 άπικόμενοι
738 1143 774 1210 δέ
791 1146 825 1212 οί
833 1141 956 1221 Νάξιοι
970 1143 1004 1218 ές
1016 1135 1078 1224 τήν

72 1245 230 1324 Μίλητον
242 1241 373 1308 ἐδέοντο
385 1247 447 1309 τοῦ
456 1237 706 1329 Ἀρισταγόρεω,
715 1250 819 1319 είκως
829 1237 959 1308 αύτοσσι
968 1236 1080 1325 παρά·

72 1356 148 1422 σχοι
165 1335 310 1423 δύναμίν
328 1364 404 1406 τινα
424 1342 479 1408 καλ
493 1341 690 1408 κατέλθοιεν
706 1341 739 1417 ές
756 1336 819 1425 τήν
835 1339 978 1406 ἑωυτῶν.
1008 1331 1078 1402 ὅδὲ

73 1433 325 1520 έπιλεξάμενος,
341 1435 402 1520 ὡς,
416 1433 461 1524 ήν
479 1434 524 1504 δι’
544 1440 671 1504 ἑωυτοῦ
686 1437 872 1505 κατέλθωσι
889 1438 923 1514 ές
939 1431 1001 1521 τήν
1014 1431 1078 1500 πό-

73 1543 141 1617 λιν,
157 1532 249 1618 άρξεγ
264 1540 322 1619 τῆς
334 1534 463 1620 Νάξον,
478 1542 603 1621 σκῆψιν
620 1539 657 1602 δέ
670 1535 870 1622 ποιεύμενος
880 1530 943 1619 τήν
953 1537 1079 1616 ξεινίην

72 1629 137 1716 τήν
149 1627 321 1719 Ἱστιαίου,
342 1633 441 1702 τόνδε
456 1654 517 1720 σφι
531 1631 592 1702 τόν
608 1635 711 1720 λόγον
725 1635 931 1722 προσέφερε·
967 1627 1079 1708 Αύτόί

74 1733 137 1818 μέν
159 1729 241 1818 ὑμῖν
262 1729 304 1799 ού
320 1734 505 1820 φερέγγυός
526 1740 593 1821 είμι
611 1736 757 1820 δύναμιν
779 1732 948 1818 τοσαύτην
969 1754 1079 1815 παρα·

76 1842 166 1914 σχεῖν
181 1827 266 1896 άστε
281 1826 439 1916 κατάγειν
459 1827 630 1898 ἀεκόντων
649 1839 717 1899 τῶν
736 1828 799 1917 τήν
817 1829 917 1898 πόλιν
932 1827 1079 1912 ἐχόντων

77 1931 227 2009 Ναξίων·
258 1930 478 2017 πυνθάνομαι
503 1928 570 2018 γάρ
592 1929 838 2017 ὀκτακισχιλίην
859 1926 982 1997 ἀσπίδα
1003 1933 1079 1996 Να-

75 2033 173 2108 ξίοισι
195 2023 280 2094 εἶναι
300 2028 356 2095 καλ
378 2036 478 2097 πλοῖα
499 2027 611 2116 μακρά
637 2027 761 2098 πολλά·
792 2025 1025 2115 μηχανήσομαι
1042 2023 1079 2092 δέ

72 2131 187 2190 πᾶσαν
207 2120 360 2211 σπουδήν
383 2124 598 2211 ποιεύμενος·
620 2128 759 2194 ἐπινοέω
778 2126 816 2194 δὲ
835 2128 922 2214 τήδε.
962 2120 1079 2210 Ἀρτα-

74 2226 200 2312 φέρνης
210 2247 268 2309 μοι
277 2224 433 2310 τυγχάνει
448 2223 514 2294 έάν
525 2232 638 2312 φίλος,
653 2224 720 2294 ὁδδ
730 2223 954 2312 Ἀρταφέρνης
961 2219 1078 2288 ’Υστά-

73 2345 175 2402 οπεος
187 2327 249 2408 μέν
263 2326 332 2392 ἐστι
345 2337 438 2412 παῖς,
454 2331 604 2410 Δαρείου
616 2326 653 2393 δὲ
665 2330 727 2393 τοῦ
740 2324 893 2412 βασιλέος
904 2314 1078 2404 ἀδελφεός,

72 2430 142 2491 τῶν
166 2419 198 2489 δ’
222 2425 471 2493 ἐπιθαλασσίων
491 2432 560 2493 τῶν
584 2428 622 2494 έν
643 2432 683 2514 τῇ
699 2422 790 2514 Ἀσίη
810 2421 904 2509 ἄρχει
928 2418 1077 2504 πάντων,

74 2526 160 2605 ἔχων
179 2520 337 2606 στρατιήν
356 2548 392 2590 τε
407 2519 537 2610 πολλήν
555 2525 611 2591 καὶ
630 2518 756 2600 πολλάς
772 2522 858 2597 νέας.
890 2525 1012 2585 τούτου
1029 2509 1078 2585 τόν

75 2619 181 2685 δοκέω
193 2615 254 2686 τόν
274 2617 382 2707 άνδρα
403 2623 557 2710 ποιήσειν
572 2629 641 2690 τῶν
660 2618 705 2689 άν
725 2625 917 2708 χρηίζωμεν.
965 2623 1077 2686 Ταῦτα

75 2715 279 2795 άκούσαντες
290 2723 325 2785 oc
331 2718 678 2807 Νάξιοίπροσέδεσαν
687 2726 733 2809 τῷ
742 2717 958 2810 Ἀρισταγόρη
970 2716 1079 2803 πρήσ-

72 2837 148 2883 σειν
161 2822 201 2903 τή
215 2815 352 2884 δύναιτο
368 2815 505 2903 άριστα,
526 2821 582 2886 καὶ
596 2816 795 2904 ὑπίσχεσθαι
813 2820 905 2902 δῶρα
922 2817 1078 2884 ἐκέλευον

71 2915 129 2982 καὶ
144 2912 299 3000 δαπάνην
315 2921 355 3002 τή
371 2922 517 3004 στρατιή,
536 2915 580 2995 ὡς
595 2914 690 2985 αύτοί
702 2914 927 2999 διαλύσοντες,
943 2916 1077 2990 έλπίδας

70 3006 200 3088 πολλάς
216 3015 361 3097 ἔχοντες,
377 3010 459 3080 ὅταν
475 3014 678 3099 ἐπιφανέωσι
694 3015 727 3092 ές
741 3011 802 3099 τήν
819 3011 952 3095 Νάξον,
967 3009 1077 3077 πάντα

69 3106 228 3194 ποιήσειν
240 3107 320 3189 τούς
333 3116 482 3191 Ναξίους
493 3108 534 3180 τά
548 3107 593 3179 άν
606 3110 701 3181 αύτολ
716 3109 894 3194 κελεύωσι,
911 3105 956 3187 οἳς
970 3109 1007 3175 δὲ
1020 3109 1076 3175 καὶ

68 3201 153 3284 τούς
172 3204 296 3287 ἄλλους
320 3207 501 3295 νησιότας·
534 3217 603 3278 τῶν
628 3209 694 3297 γάρ
718 3206 833 3297 νήσων
856 3203 986 3273 τούτων
1008 3209 1076 3271 τῶν

26 3360 34 3391 ,
67 3301 265 3373 Κυκλάδων
278 3302 417 3392 ούδεμία
430 3332 480 3375 κω
493 3299 537 3394 ήν
553 3305 776 3399 ὑπόΔαρεήι.
810 3302 1025 3390 Ἀπικόμενος
1040 3305 1076 3373 δέ
1090 3313 1120 3367 31

64 3399 87 3470 ὁ
103 3399 341 3491 Ἀρισταγόρης
355 3407 389 3482 ές
402 3401 462 3484 τάς
475 3407 602 3493 Σάρδις
621 3410 711 3492 λέγει
724 3401 809 3500 πρὸς
821 3401 883 3472 τὸν
894 3400 1077 3490 Ἀρταφέρ-

1071 3518 1120 3626 1
