2378 3840
10 30 33 357 ,

10 464 115 1301 i

320 182 616 240 LIB.V1.CAP
645 187 820 247 107-109.
1008 190 1070 256 107

18 364 101 481 ητα
112 337 254 425 γνόντες
269 334 541 424 ἀπαλλάσσοντο,
558 335 767 428 Ἀθηναίοισι
787 343 859 412 δὲ’
839 353 977 416 απιοῦσι
991 353 1070 418 ἐπε-

12 370 214 525 ἰδλτὶιιισειτο
232 439 392 523 Βοιωτοί,
417 439 610 524 ἐπιθέμενοι
632 441 669 508 δέ
689 440 889 529 ἑσσώθησαν
908 452 948 534 τῇ
969 448 1066 535 μάχη.

62 532 269 624 άπερβάντες
291 534 328 604 δέ
348 538 383 603 οἱ
397 530 571 620 Ἀθηναῖοι
592 532 672 616 τοῦς
694 542 729 607 οί
741 546 921 624 Κορίνθιοι
938 547 1070 629 ἐλνηκαν

61 638 265 703 Πλαταιεῦσι
276 628 418 703 εἶναι’
373 656 510 720 ονρους,
523 632 665 713 τούτους
674 630 925 724 ὑπερβάντες
891 666 951 709 τον
964 638 1069 709 Ἀσω-

61 731 128 805 πδν
142 727 251 801 αὐτόν
264 725 523 820 ἐποιήσαντο
480 757 587 815 ουρον
597 741 774 823 Θηβαίοισι
788 738 873 826 πρός
882 746 1068 820 Πλαταιέας

61 830 148 901 εἶναι
162 827 346 911 καὶἮσιάς
370 834 492 900 ἔδοσαν
506 833 569 917 μὲν
583 829 624 918 δὴ
640 837 675 901 οί
688 837 870 916 Πλαταιέες
883 841 988 924 σφέας
1003 835 1067 906 αῦ-

60 926 140 1008 τοῦς
151 925 361 1016 Ἀθηναίοισι
379 928 493 1021 τρόπω
513 937 561 1020 τῷ
582 925 805 1052 εῖρημίνμ,
781 959 868 1020 ηκου
882 938 919 1005 δὲ
940 937 1013 1005 τότε
1033 939 1067 1016 ἐς

60 1032 264 1112 Μαραθῶνα
280 1029 485 1125 βωδέοντες.
502 998 596 1096 Τόῖσι
607 1025 664 1096 δὲ’
658 1036 845 1116 Αδηναίων
855 1047 1067 1118 στρατηγοῖσι
1082 1049 1135 1104 10⁹

59 1127 211 1212 ἐγίνοντο
224 1110 297 1209 δίχα
313 1129 350 1194 αλ
361 1131 510 1211 γνῶμαι,
524 1130 594 1192 τῶν
608 1122 724 1210 μλν’
685 1151 749 1194 ουκ
776 1126 909 1196 ἐάντων
932 1136 1064 1216 συμβα-

58 1228 149 1305 λεῖν,
169 1217 304 1306 ὀλίγους
322 1220 390 1310 γάρ
405 1220 490 1291 εἶναι
506 1231 644 1311 στρατιῇ
658 1230 699 1312 τῇ
719 1223 851 1311 Μήδων
868 1232 1063 1313 συμβαλεῖν,

57 1326 128 1389 τῶν
139 1319 178 1389 δέ
186 1321 242 1389 καί
248 1320 442 1389 Μιλτιάδεω
452 1317 705 1390 κελευόντων.
684 1347 727 1400 ως
739 1324 776 1389 δὲ
784 1326 858 1408 δίχα
867 1348 903 1391 τε
913 1325 1064 1408 ἐγίνοντο

58 1422 114 1489 καί
130 1421 225 1488 ἐνίκα
237 1415 259 1506 ἡ
273 1425 394 1507 χείρων
410 1425 479 1487 τῶν
492 1420 671 1506 γνωμέων,
689 1421 838 1489 ἐνθαῦτα
856 1412 912 1506 ’ἦν
926 1416 991 1506 γάρ
1008 1420 1066 1486 ἑν-

10 1544 12 1549 ·
57 1523 197 1599 δῦιατος
207 1515 471 1607 μημιδοφόροςὸ
487 1526 533 1611 τῷ
547 1520 665 1609 κυάμῳ
679 1516 792 1605 λαγῶν
801 1515 991 1605 Ἀθηναίων
1001 1544 1066 1587 πο-

56 1618 262 1703 λεμαρχέειν,
272 1614 311 1686 τό
322 1615 467 1686 παλαιόν
477 1614 543 1705 γάρ
554 1614 728 1702 Ἀθηναῖοι
739 1612 920 1703 ὁμόψηφον
929 1614 992 1685 τόν
1001 1641 1066 1685 πο-

55 1721 224 1805 λίμαρχον
238 1719 412 1787 ἐποιεῦντο
425 1732 511 1786 τοῖσι
525 1731 753 1803 στρατηγοῖσι,
767 1707 812 1802 ἦν
826 1741 862 1784 τε
875 1718 950 1786 τότε
964 1718 1066 1785 πολί-

56 1840 183 1904 μαργος
188 1821 399 1902 Καλλίμαχος
410 1813 614 1902 Ἀφιδναῖος·
626 1810 711 1899 πρὸς
721 1819 843 1881 τοῦτον
853 1813 965 1882 ἐλθόν
972 1821 1066 1881 Μιλ-

54 1913 174 1998 τιάδης
187 1916 281 1999 ἐλεγε
294 1912 390 1982 τάδε·
419 1910 473 1981 Ἐν
484 1915 537 1981 σολ
547 1919 623 1998 νῦν,
635 1915 836 1998 Καλλίμαχε,
851 1907 950 1997 ἐστὶῆ
962 1936 1066 1978 κατα-

54 2018 226 2081 δουλῶσαι
244 2009 405 2100 Ἀθήνας,
426 2007 449 2097 ἢ
468 2013 649 2096 ἐλευθέρας
663 2008 849 2096 ποιήσαντα
865 2009 1064 2096 μνημόσυνα

54 2109 216 2178 λιπέσδαι
231 2111 265 2187 ἐς
279 2108 340 2178 τόν
356 2107 488 2177 ἅπαντα
505 2106 699 2196 ἀνθρώπων
713 2113 807 2195 βίον,
820 2103 877 2177 οἶα
893 2106 972 2176 οὐδὲ
986 2105 1066 2195 Ἀρ·

54 2205 175 2293 μόδιός
187 2231 224 2274 τε
240 2210 295 2274 καὶ
305 2203 555 2294 Ἀριστογείτων
564 2212 726 2276 λείπουσι,
749 2212 816 2274 νῦν
825 2203 891 2292 γάρ
903 2206 962 2293 δὴ,
978 2210 1010 2286 ἐξ
1022 2199 1066 2275 οῦ

54 2308 212 2392 ἐγένοντο
223 2300 408 2395 Ἀθηναῖοι,
421 2309 454 2386 ἐς
465 2311 628 2376 κίνδυνον
637 2303 758 2392 ἥκουσι
768 2307 934 2391 με’γιστον.
956 2300 1065 2391 καὶῆν

56 2403 120 2490 μέν
133 2428 173 2489 γε
185 2398 388 2487 ὑποκύψωσι
397 2419 484 2475 τοῖσι
494 2406 662 2493 Μήδοισι,
679 2408 831 2475 δέδεκται
840 2400 881 2471 τά
891 2411 1064 2474 πείσονται

53 2501 346 2590 παραδεδομένοι
341 2502 501 2594 1ππίη,’“
478 2533 523 2593 ην
539 2507 575 2573 δὲ
591 2503 865 2589 περιγένηται”
819 2529 904 2588 αυτη
920 2531 941 2590 η
927 2501 1062 2588 ’πόλις

54 2604 112 2687 οἵη
126 2603 165 2669 τέ
172 2603 240 2671 ἐστι
251 2603 367 2692 πρῶτη
378 2612 447 2673 τῶν
455 2603 658 2690 Ἑλληνίδων
668 2608 795 2670 πολίων
806 2603 975 2687 γενεσθαι.
997 2608 1064 2680 κῶς

55 2691 108 2767 ῶν
122 2696 164 2824 δη
178 2708 282 2770 ταῦτα
298 2699 353 2773 οἶά
367 2706 406 2773 τί
416 2707 484 2774 ἐστι
496 2707 675 2791 γενέσθαι,
691 2704 747 2771 καὶ
758 2706 917 2788 κωςέςσέ
921 2730 974 2774 τοι
982 2729 1064 2771 του

53 2826 125 2870 των
134 2797 253 2890 άνήκει
266 2810 336 2873 τῶν
352 2804 558 2927 πρηγμάτων
567 2800 605 2874 τό
617 2808 721 2890 κῦρος
731 2807 835 2891 ἐχειν,
850 2810 917 2871 νῦν
928 2811 1064 2891 ἔρχομαι

55 2897 208 2987 φράσων.
224 2898 338 2990 ἡμέων
348 2911 417 2973 τῶν
428 2911 623 2993 στρατηγῶν
634 2903 760 2972 ἐόντων
771 2905 852 2973 δέκα
865 2908 939 2991 δίχα
947 2910 1065 2991 γίνου-

55 3024 110 3067 ται
124 3003 162 3068 αλ
174 3008 316 3090 γνῶμαι,
331 3011 400 3071 τῶν
414 3003 477 3090 μὲν
487 3004 697 3073 κελευόντων
724 3010 921 3088 συμβαλεῖν,
947 3009 1016 3070 τῶν
1027 3000 1064 3069 δὲ

56 3093 109 3164 οῦ.
143 3090 188 3182 ἢν
204 3097 267 3185 μέν
283 3125 350 3166 νυν
371 3096 417 3185 μὴ
435 3097 674 3188 συμβάλωμεν,
699 3106 844 3189 ἔλπομαί
856 3127 930 3170 τινα
947 3101 1064 3170 στάσιν

56 3195 207 3283 μεγάλην
238 3199 448 3283 ἐμπεσοῦσαν
479 3203 659 3268 διασείσειν
688 3200 729 3268 τά
756 3196 946 3289 Ἀθηναίων
976 3227 1064 3291 φρο-

54 3294 185 3383 νήματα
202 3295 286 3364 ὥστε
308 3301 463 3384 μηδίσαι,
485 3292 530 3384 ἢν
552 3299 591 3367 δὲ
609 3300 831 3388 συμβάλωμεν
853 3308 936 3388 πρίν
958 3329 989 3371 τι
1005 3302 1063 3370 καί

54 3394 189 3482 σαθρόν
202 3391 394 3480 Ἀθηναίων
410 3397 642 3485 μετεξετέροισι
667 3400 881 3487 ἐγγενέσθαι,
904 3407 997 3470 θεῶν
1021 3427 1061 3469 τα
