2378 3840
288 183 373 240 ΗΒ.
409 181 455 239 lx.
489 181 587 242 σλΡ.
619 189 760 246 νο-οι.
966 182 1032 248 303

26 340 89 410 σδν
101 342 136 410 δὲ
149 344 320 411 Θεσπιέων
334 353 418 408 τοῖσι
432 347 595 424 παρεοῦσι
611 343 852 433 ἐξεπληροῦντο
864 350 901 414 αί
910 349 1029 416 ἕνδεκα

26 443 192 529 μυριάδες.
215 449 371 529 παρησαν
380 467 445 529 γαρ
457 445 511 510 καί
523 446 695 512 Θεσπιέων
707 447 745 513 ἐν
757 473 803 537 τρι
789 451 1028 542 στρατοπέδῳ

26 545 59 608 οί
67 565 268 627 περιεοντες,
279 537 429 627 αριθμον
440 542 473 619 ές
484 537 700 621 οκτακοσίους
711 544 765 611 καλ
775 551 919 631 χιλίους
941 545 1028 616 ὅπλα

25 639 59 705 δὲ
76 636 150 706 οὐδ’
170 631 263 707 οὗτοι
282 637 378 725 εἶχον.

108 730 211 807 Οὗτοι
232 739 294 825 μέν
311 764 377 806 ννν
391 740 568 823 ταχθέντες
588 740 639 807 ἐπὶ
653 747 699 829 τῳ·
717 737 851 832 Ἀσωπῷ
868 744 1024 829 έστρατο-
1042 756 1076 812 31

25 838 222 926 πεδεύοντο,
244 842 276 906 οί
296 835 327 904 δ’
344 834 427 924 ἀμφὶ
443 836 644 924 Μαρδόνιον
660 838 826 927 βάρβαροι
842 837 886 920 ὡς
901 840 1027 929 ἀπεκή-

25 943 148 1007 δευσαν
166 943 371 1022 Μασίστιον,
386 942 556 1022 παρῆσαν,
572 936 763 1024 πυθόμενοι
776 936 855 1017 τοὺς
865 938 1028 1026 Έλληνας

25 1034 106 1104 εἶναι
118 1038 156 1104 ἐν
166 1040 367 1121 Πλαταιῇσι,
382 1037 438 1102 καὶ
449 1031 543 1102 αὐτοὶ
555 1031 651 1102 ἐπὶ
616 1060 678 1101 του
690 1032 886 1103 ’Λσωπδν
852 1061 912 1104 τον
922 1039 1028 1126 ταύτῃ

25 1136 148 1220 ῥέοντα.
178 1128 376 1218 ἀπικόμενοι
398 1128 470 1200 δὲ’
451 1132 693 1200 αντετοίσσοντο
715 1123 815 1200 ωδε
797 1131 863 1201 υπὸ
883 1140 1027 1222 Μαρδο-

25 1237 113 1298 νί·ου
133 1256 216 1298 κατα
205 1227 293 1316 μὲν
306 1233 592 1316 Λακεδαιμονίους
608 1235 723 1316 ἔστησε
738 1236 877 1318 Πέρσας.
912 1236 967 1302 καὶ
982 1231 1023 1322 δή

25 1324 147 1397 πολλὸν
168 1325 233 1414 γὰρ
254 1333 418 1414 περιῆσαν
436 1327 562 1414 πλήθει
582 1331 616 1396 οί
633 1328 859 1415 Πέρσαι,ί
803 1331 859 1398 ἐπί
879 1356 914 1399 τε
935 1333 1026 1411 τάξις

24 1432 167 1504 πλεῦνας
182 1426 399 1510 ἐκεκοσμέατο
414 1427 469 1494 καί
484 1427 615 1510 ἐπεῖχον
629 1421 709 1504 τούς
728 1428 898 1515 Τεγεήτας.
934 1434 1026 1510 ἔταξε

24 1527 56 1593 δὲ
68 1518 172 1592 οὕτω·
195 1521 217 1592 ὅ
230 1551 262 1592 τι
276 1526 340 1611 μὲν
351 1517 397 1611 ήν
408 1520 513 1591 αὐτοῦ
528 1524 764 1591 δυνατώτατον
778 1531 847 1592 πᾶν
862 1523 1025 1607 ἀπολέξας

24 1631 135 1708 ἔστησε
149 1619 265 1700 ἀντίον
276 1626 561 1707 Λακεδαιμονίων,
577 1618 614 1687 τὸ
627 1620 664 1689 δὲ
678 1618 1026 1712 ἄσθενέστερουπαρ-

24 1723 112 1798 ε’ταξε
127 1716 210 1787 κατὰ
231 1716 311 1796 τοὺς
330 1718 501 1804 Τεγεήτας.
529 1723 634 1784 ταῦτα
656 1715 687 1785 δ’
705 1722 812 1788 ἐποίεε
827 1724 1026 1810 φραζόντων

24 1820 131 1887 τεκαὶ
153 1817 382 1886 διδασκόντων
397 1821 563 1902 Θηβαίων.
606 1819 766 1902 Περσέων
787 1819 823 1885 δὲ
847 1823 1025 1905 ἐχομένους

24 1920 112 1995 ἐταξε
126 1914 284 2001 Μήδους·
306 1906 400 1980 οὗτοι
415 1913 451 1982 δὲ
466 1914 605 1998 ἐπέσχον
615 1919 822 1999 Κορινθίους
839 1941 874 1983 τε
889 1919 1026 1984 καλΠο-

24 2013 187 2100 ιιδαιήτας
202 2040 257 2082 και
247 2009 502 2099 Ὀρχομενίους
515 2036 551 2078 τε
566 2013 622 2078 καί
635 2019 856 2092 Σικυωνίους.
891 2012 1027 2102 Μήδων

24 2115 55 2182 δέ
24 2112 244 2200 δέχομένοος
255 2115 551 2196 έταξεΒακτρίοος·
567 2101 660 2176 οὗτοι
672 2113 708 2176 δέ
720 2111 858 2196 ἐπέσχον
868 2109 1023 2179 Ἐπιδαυ

23 2221 113 2299 οίους
134 2238 170 2280 τε
186 2213 242 2283 καλ
260 2217 474 2297 Τροιζηνίους
494 2208 548 2277 καὶ
563 2207 754 2294 Λεπρεήτας
769 2233 804 2275 τε
826 2213 881 2279 καί
898 2217 1026 2294 Τιρυν-

23 2318 118 2389 δίονς
140 2313 195 2377 καὶ
210 2315 434 2395 Μυκηναίους
453 2334 488 2375 τε
508 2333 564 2374 και
552 2310 767 2384 Φλιασίους.
800 2332 881 2392 μετα
903 2307 940 2375 δὲ
954 2317 1025 2376 Βα-

23 2413 152 2494 κτρίους
167 2412 281 2491 ἔστησε
299 2404 440 2485 Ἰνδούς·
469 2397 563 2473 οὗτοι
578 2405 614 2472 δὲ
629 2407 767 2490 έπέσχον
782 2402 975 2493 Ἑρμιονέας
988 2435 1024 2476 τε

23 2507 74 2572 καὶ
86 2501 266 2591 Ἐρετριέας
281 2506 338 2572 καὶ
351 2507 502 2590 Στυρέας
515 2529 551 2570 τε
567 2506 622 2570 καὶ
634 2506 827 2581 Χαλναδέας.
856 2502 970 2573 Ἰνδῶν
987 2509 1024 2574 δὲ

23 2604 197 2687 έχομένονς
208 2601 324 2681 Σάκας
338 2605 446 2687 ἔταξε,
465 2606 500 2668 οἳ
513 2601 652 2686 ἐπέσχον
663 2596 905 2690 Ἀμπρακιήτας
918 2629 953 2671 τε
968 2607 1024 2671 καί

23 2704 247 2782 Ἀνακτορίους
264 2700 319 2767 καί
332 2702 541 2777 Λευκαδίους
551 2700 607 2767 καὶ
617 2701 748 2776 Παλέας
761 2699 817 2767 καὶ
830 2700 1021 2786 Αἰγινήτας.

23 2801 159 2868 Σακέων
171 2796 207 2864 δὲ
217 2799 395 2883 ἐχομένους
406 2801 497 2876 έταξε
509 2792 605 2867 ἀντία
619 2793 808 2882 Ἀθηναίων
818 2823 854 2865 τε
864 2799 1023 2866 aalma·

22 2901 138 2965 ταιέων
148 2899 204 2964 καλ
214 2896 405 2982 Μεγαρέων
413 2894 582 2973 Βοιωτούς
592 2919 628 2961 τε
638 2897 694 2962 καί
707 2892 860 2980 Λοκροὺς
875 2897 930 2965 καί
940 2902 1023 2981 Μη-

22 3001 107 3076 λιέας
122 2997 177 3064 καὶ
194 2992 386 3075 Θεσσαλοὺς
401 2997 455 3064 καὶ
472 2998 618 3063 Φωκέων
637 2991 718 3072 τούς
730 3001 865 3080 χιλίους.
897 2993 1021 3083 οὐγὰρ

22 3090 69 3161 οἷν
84 3093 226 3174 ἅπαντες
243 3099 278 3163 οί
289 3096 421 3174 Φωκέες
437 3093 613 3181 ἐμήδισαν,
638 3088 723 3163 ἆλλί
737 3116 825 3172 τινες
839 3089 953 3160 αὐτῶν
966 3095 1022 3161 καί

22 3190 58 3260 τα
68 3188 234 3276 Ἑλλήνων
242 3183 347 3272 αὔξον
357 3191 434 3278 περὶ
442 3188 503 3259 τδυ
511 3187 715 3279 Παρνησσὸν
724 3189 1021 3278 κατειλημένοι,ααὶ

22 3293 181 3360 ἐνθεῦτεν
195 3288 393 3377 ὁρμεόμενοι
404 3287 529 3376 ἔφερόν
539 3313 574 3356 τε
587 3289 643 3356 καὶ
656 3279 742 3374 ήμον
756 3287 818 3375 τήν
832 3312 868 3357 τε
877 3293 1023 3373 Μαρδο-

22 3393 96 3461 νέον
107 3386 265 3478 στρατιήν
275 3390 330 3457 καὶ
336 3385 415 3468 τοδς
423 3383 493 3476 μετ’
503 3384 608 3459 αὐτοῦ
615 3385 731 3466 ἐόντας
738 3383 915 3473 Ἑλλήνων.
928 3390 1021 3468 ἔταξε
