2378 3840
65 185 129 252 100
442 188 697 248 HERODOTI

65 374 134 417 των
148 352 183 416 ολ
196 353 337 425 πλεῦνες
351 343 414 414 οὐκ
428 343 662 434 ἀπενόστησαν
675 343 794 431 ὀπίσω,
809 343 884 415 ἀλλ’
901 343 1074 434 ἐτελεύτη-

67 469 131 516 σαν
143 443 202 513 ὑπ’
217 443 406 532 Ἀθηναίων
417 446 454 514 ἐν
464 451 604 536 Αἰγίνη·
619 442 720 524 αύτδς
731 444 768 512 δὲ
779 443 797 510 6
809 442 991 530 στρατηγός
1002 441 1074 512 Εὐ-

68 543 215 634 ρυβάτης
225 548 455 630 μουνομαχίην
465 544 637 610 ἐπασκέων
648 556 736 630 τρεῖς
748 538 811 626 μέν
824 537 950 627 ἀνδρας
959 539 1074 633 τρόπφ

66 641 207 732 τοιούτφ
217 646 350 726 κτείνει,
361 635 428 707 ύπδ
442 641 479 706 δὲ
489 645 551 707 τοῦ
561 637 722 726 τετάρτου
732 636 919 759 Σωφάνεος
929 644 991 706 τού
1003 647 1075 706 Δε-

31 754 53 806 ι3
67 742 179 819 κελέος
194 736 468 825 ἀποθνήσκειΑ
469 742 614 824 ἰγινήται
626 737 665 806 δὲ
681 733 809 806 έοῦσι’
790 735 960 805 ατάκτοισι
971 733 1074 822 Ἀθη-

67 844 191 906 ναίοισι
213 835 441 958 συμβαλόντες
460 845 534 925 τῇσι
554 838 654 924 νηυσὶ
675 838 849 921 ἐνίκησαν,
878 840 938 903 καί
958 854 1074 939 σφεων

52 938 144 1014 νέας
158 936 314 1020 τέσσερας
330 931 459 1002 αύτολσι
472 931 616 1021 ἀνδράσι
632 928 731 1003 εἷλον.

149 1030 357 1120 Ἀθηναίοισι
371 1036 411 1119 μ
413 1059 433 1100 ν
448 1030 488 1120 δή
509 1032 653 1118 πόλεμος
668 1037 817 1118 συνῆπτο
831 1028 916 1118 πρός
930 1029 1076 1119 Αἰγινή-

31 1145 52 1198 »4
69 1156 136 1216 τας,
149 1155 167 1198 ο
153 1126 397 1217 ’δὲΠέρσης
363 1154 400 1197 το
412 1155 540 1198 εωυτου
525 1127 697 1198 Μέποίεε
670 1147 754 1197 ωστε
763 1125 1076 1216 ἀναμιμνήσκοντός

66 1259 101 1300 τε
125 1234 189 1301 αἰεὶ
211 1238 273 1300 τοῦ
288 1229 500 1318 θεράποντος
517 1235 711 1317 μεμνῆσθαί
724 1254 783 1315 μιν
798 1235 867 1294 τάν
883 1224 1076 1314 Ἀθηναίων

66 1333 121 1398 καλ
135 1330 436 1415 Πεισιστρατιδέων
452 1329 736 1414 προσκατημένων
752 1329 808 1392 καὶ
823 1325 1076 1414 διαβαλλόντων

63 1423 273 1511 Ἀθηναίους,
290 1421 359 1511 ἀμα
370 1423 406 1492 δὲ
416 1423 622 1512 βουλόμενος
636 1421 655 1492 6
667 1432 813 1510 Δαρεῖος
824 1422 946 1509 ταύτης
957 1425 1076 1510 ἐχόμε-

65 1549 123 1602 νος
135 1531 192 1609 τῆς
203 1524 392 1610 προφάσιος
402 1521 692 1608 καταστρέφεσθαι
701 1527 760 1608 τῆς
768 1518 925 1600 Ἑλλάδος
938 1518 1019 1601 τούς
1028 1521 1073 1609 μή

66 1621 187 1697 δόντας
200 1617 291 1708 αὐτῷ
302 1626 368 1707 γῆν
381 1644 417 1691 τε
431 1621 486 1687 καὶ
496 1616 599 1702 ύδωρ.
622 1616 824 1702 Μαρδόνιον
835 1616 898 1702 μὲν
909 1614 950 1704 δή
962 1619 1076 1703 φλαύ-

67 1741 133 1804 ρως
147 1715 318 1802 πρήξαντα
337 1721 383 1807 τῷ
399 1717 507 1806 στόλφ
526 1714 691 1801 παραλύει
709 1719 766 1800 τῆς
781 1716 995 1802 στρατηγίης,
1014 1714 1076 1785 ἀλ-

66 1823 146 1893 λους
161 1814 198 1881 66
212 1812 417 1901 στρατηγούς
428 1811 591 1894 ἀποδέξας
606 1811 784 1881 ἀπέστελλε
795 1814 852 1881 ἐπί
859 1839 895 1879 τε
907 1810 1076 1900 Ἐρέτριαν

66 1916 120 1980 καὶ
133 1910 293 1998 Ἀθήνας,
305 1917 413 1980 Δᾶτίν
423 1936 460 1978 τε
471 1909 569 1978 ἐόντα
580 1914 706 1997 Μήδου
715 1911 813 1995 γένος
827 1912 882 1977 καὶ
893 1908 1076 1998 Ἀρταφέρ-

65 2036 125 2078 νεα
139 2007 200 2077 τὸν
210 2008 450 2096 Ἀρταφέρνεος
463 2013 577 2096 παῖδα,
592 2005 792 2093 ἀδελφιδέον
804 2000 948 2077 έωυτού·
969 2014 1075 2080 ἐντει-

66 2107 208 2192 λάμενος
230 2106 266 2173 δὲ
288 2105 459 2194 ἀπέπεμπε
480 2109 824 2227 ἐξανδραποδίσαντας
848 2105 994 2195 Ἀθήνας
1020 2115 1075 2179 καὶ

31 2226 51 2271 ο
64 2201 266 2292 Έρέτριαν’
247 2219 385 2291 αγαγεῑν
403 2207 515 2296 ἑωυτφ
501 2203 594 2284 ‘'59
581 2204 661 2286 όφιν
677 2231 717 2270 τα
706 2201 938 2291 ἀνδράποδα.
966 2205 1026 2287 Ὡς
1039 2210 1075 2277 δέ

66 2306 101 2372 ολ
120 2306 296 2422 στρατηγοὶ
316 2295 410 2373 οὗτοι
430 2308 464 2372 oc
482 2272 726 2389 ἀποδεχθέντες
740 2305 964 2391 πορευόμενοι
984 2306 1074 2396 παρὰ

65 2402 216 2487 βασιλέος
227 2397 386 2469 ἀπίκοντο
397 2406 615 2488 τήςΚιλικίης
627 2397 707 2478 ἐς
673 2425 710 2466 το
722 2397 855 2522 Ἀλήιον
866 2403 1030 2492 πεδίον,”
1007 2432 1075 2491 αμα

67 2496 226 2586 ἀγόμενοι
236 2496 336 2581 πεζὸν
349 2497 491 2585 στρατόν
505 2498 634 2567 πολλόν
647 2523 683 2566 τε
698 2500 754 2566 καὶ
766 2524 804 2575 ευ
792 2490 1074 2622 ἐσκευασμένον,

66 2597 216 2664 ἐνθαῦτα
225 2600 600 2684 στρατοπεδευομένοισι
609 2598 736 2683 ἐπηλθε
745 2593 832 2683 μὲνὸ
842 2597 1000 2678 ναυτικὸς
1011 2607 1075 2679 πᾶς

67 2693 205 2779 στρατός
223 2720 241 2762 ο
230 2692 445 2782 ’ἐπιταχθεὶς
465 2696 650 2783 ἑκάστοισι,
668 2699 893 2782 παρεγένοντο
915 2699 952 2766 δὲ
972 2726 1028 2768 και
1015 2702 1076 2767 αλ

66 2792 256 2879 ἱππαγωγοὶ
266 2794 354 2878 νέες,
371 2788 430 2870 τάς
440 2799 486 2883 τῷ
497 2798 648 2886 προτέρφ
664 2799 730 2863 ἔτεϊ
739 2810 878 2881 προεῖπε
887 2812 974 2867 τοῖσι
990 2801 1075 2868 ἑωυ-

65 2900 127 2962 τοῦ
148 2891 389 2979 δασμοφόροισι
411 2904 556 2980 Δαρεῖος
563 2895 768 3014 ἑτοιμάζειν.
798 2896 1019 2984 ἐσβαλόμενοι
1039 2897 1076 2966 δὲ

66 2987 145 3070 τούς
155 2993 279 3068 ἵππους
294 2990 327 3068 ἐς
337 2987 459 3069 ταύτας
470 2988 571 3059 καὶ
536 3017 597 3061 τον
607 2990 707 3075 πεζόν
718 2992 861 3080 στρατὸν
873 2995 1075 3116 έρβιβάσαν·

66 3117 119 3168 τες
127 3085 206 3168 ἐς
170 3114 228 3168 τας
238 3090 316 3169 νέας
323 3094 453 3159 ἔπλωον
464 3092 650 3184 ἑξακοσίησι
661 3095 810 3183 τριήρεσι
821 3094 900 3174 ἐς
864 3121 927 3220 την
937 3104 1074 3186 Ιωνίην,

68 3188 229 3255 ἐνθεῦτεν
242 3184 332 3254 δέ’
293 3213 335 3255 ου
349 3185 439 3276 παρὰ
454 3187 516 3277 τήν
528 3189 669 3280 ἤπειρον
685 3191 821 3280 εἶχον
783 3219 842 3273 τας
852 3197 930 3275 νέας
940 3195 1004 3266 ἀθύ
1015 3203 1075 3266 τοῦ

67 3310 102 3352 τε
111 3281 357 3372 Ἑλλησπόντου
372 3289 495 3374 καλτης
505 3297 661 3378 Θρηίκης,
677 3288 752 3360 ἀλλ’
770 3293 807 3359 ἐκ
818 3290 967 3379 Σάμου
953 3294 1074 3382 ορμεό-

67 3406 162 3467 μενοι
172 3406 262 3470 παρα
273 3408 309 3452 τε
324 3378 460 3471 Ἴκαρον
474 3389 529 3455 καὶ
540 3386 595 3455 δια
607 3385 908 3476 νήσωντδνπλόου
920 3393 1074 3463 έποιεῦν·
