2378 3840
335 211 418 268 ΗΒ.
443 213 516 269 Vlss.
557 211 652 268 cAP.
683 216 775 268 1-6.
1001 208 1062 267 ἳ27

59 387 114 467 τὰς
126 379 266 473 Ἀφετόις
283 383 339 450 καὶ
356 384 508 470 στρατιῆς
519 375 648 449 ἅπαντα
663 381 758 466 πλέα,
778 382 848 449 έπελ
861 377 991 450 αὐτοῖσι
1003 409 1063 452 πα-

56 482 99 576 ρὰ
113 483 214 567 δόξαν
225 480 266 552 τὰ
278 477 454 570 πρήγματα
466 485 534 549 τῶν
547 477 728 570 βαρβάρων
741 477 901 566 ἀπέβαινε
914 474 935 568 ή
949 480 992 561 ὡς
1006 478 1064 554 αὐ-

57 587 107 655 τοὶ
120 581 329 668 κατεδόκεον,
349 577 662 670 καταρρωδήσαντες
681 579 830 670 δρησμὸν
847 580 1064 667 ἐβουλεύοντο

56 681 122 754 ἀπό
147 690 206 753 τοῦ
226 679 433 769 Ἀρτεμισίου
458 687 522 749 ἔσω
547 684 579 762 ές
602 678 664 767 τήν
683 675 833 751 Ἐλλάδα.
868 679 1003 770 γνόντες
1027 687 1066 753 δέ

57 810 161 872 σφεας
179 788 214 853 οί
232 780 376 869 Εὐβοέες
401 783 504 849 ταύτα
521 781 785 869 βουλευομένους
804 783 934 852 ἐδέοντο
952 780 1064 876 Εὐρυ-

56 883 181 973 βιάδεω
199 898 396 972 προσμεῖναι
413 877 534 971 χρόνον
550 878 683 968 ὀλίγον,
709 878 774 951 ἔστ’
795 876 838 952 όιν
855 880 949 952 αὐτοὶ
966 888 1065 957 τέκνα

57 1011 92 1054 τε
104 987 159 1054 καλ
172 982 248 1064 τούς
261 983 388 1062 οἰκέτας
400 977 640 1052 ὑπεκθέωνται.
661 977 707 1063 ὦς
721 982 758 1051 δὲ
771 979 833 1052 οὐκ
847 986 996 1073 ἔπειθον,
1009 1015 1064 1074 με·

57 1083 217 1172 ταβόντες
233 1081 292 1151 τὸν
311 1079 502 1170 Ἀθηναίων
525 1079 709 1171 στρατηγόν
731 1089 889 1155 πείθουσι
907 1095 1065 1175 Θεμιστο-

49 1188 137 1257 κλέα
155 1185 209 1253 έπὶ
225 1185 338 1275 μισθῷ
350 1179 527 1271 τριήκοντα
538 1179 738 1271 ταλάντοισι,
753 1179 805 1253 ἐπ’
821 1175 848 1277 93
861 1212 897 1255 τε
909 1196 1065 1276 καταμεί-

57 1312 175 1365 ναντες
192 1281 255 1374 πρό
272 1289 330 1371 τῆς
348 1281 495 1373 Εὐβοίης
511 1280 705 1372 ποιήσονται
722 1282 784 1373 τήν
801 1293 996 1376 ναυμαχίην.
1029 1286 1097 1358 ‘05

58 1385 96 1454 δὲ
110 1387 348 1472 Θεμιστοκλέης
360 1381 437 1463 τούς
443 1380 605 1474 ”Ελληνας
618 1388 766 1473 έπισχείν
778 1377 844 1454 ωδε
856 1390 975 1457 ποιέει
995 1385 1064 1458 Εὐ-

57 1483 202 1576 ρνβιαδη
219 1481 347 1555 τούτων
359 1512 427 1554 των
437 1485 616 1575 χρημάτων
627 1488 855 1573 μεταδιδοῑ’
812 1513 909 1558 πεντε
922 1486 1065 1558 ταλαντα

58 1581 101 1665 τός
119 1614 185 1674 παρ
191 1580 341 1655 ’ἑωυτοῦ
354 1588 461 1674 δήθεν
474 1582 598 1667 διδοός.
626 1582 671 1666 ός
684 1586 768 1655 δέ
732 1613 764 1654 οι
781 1575 877 1668 οὐτος
889 1583 1065 1659 ανεπέπει-

60 1705 130 1755 στο·
156 1683 368 1772 Ἀδείμαντος
391 1713 455 1773 γαρ
477 1681 651 1757 ὁὨκύτου
668 1693 863 1776 Κορινθίων
886 1688 1064 1778 στρατηγὸς

57 1789 125 1854 τῶν
142 1787 269 1854 λοιπων
284 1780 427 1873 ἤσπαιρε
438 1789 573 1873 μοῦνος,
593 1782 740 1874 φυόμενος
754 1783 1017 1859 ἄποπλοόσεσθαί
1030 1817 1064 1857 τε

57 1882 122 1954 νἰπό
133 1888 194 1954 τοῦ
207 1880 413 1973 Ἀρτεμισίου
427 1888 482 1955 καλ
494 1881 534 1955 οὐ
547 1888 779 1976 παραμενέειν·
798 1886 879 1976 πρὸς
893 1887 934 1977 δή
947 1894 1065 1959 τοῦτον

58 1985 130 2056 εἷπε
146 1980 164 2055 6
180 1987 421 2076 ’Θεμιστοκλέης
437 1984 615 2075 ἐπομόσας·
642 1981 693 2058 Οὐ
710 1984 803 2073 σύγε
819 1981 920 2076 ἡμέας
934 1986 1064 2060 ἀπολεί-

57 2102 149 2173 ψεις,
168 2089 243 2156 ε’πεί
257 2114 307 2156 τοι
322 2083 385 2174 έγού
404 2088 487 2175 μέζω
508 2090 598 2175 δῶρα
612 2082 726 2210 δρόσω,
745 2081 766 2175 ή
782 2088 939 2174 βασιλεύς
955 2087 999 2162 όῖν
1014 2119 1067 2162 τοι

56 2217 74 2257 ο
62 2185 219 2274 ’Μήδων
233 2187 371 2275 πέμψειε
381 2185 577 2259 ἀπολιπόντι
589 2186 666 2269 τούς
672 2209 876 2316 συμμαγονς.
906 2188 1017 2260 Ταῦτα
1029 2218 1064 2260 τε

56 2317 123 2376 αμα
141 2285 281 2377 ἠγόρευε
295 2291 350 2357 καλ
363 2290 484 2377 πέμπει
498 2287 602 2360 έπλ
566 2318 627 2379 την
640 2291 699 2359 νέα
712 2288 774 2378 τήν
784 2284 1049 2379 Ἀδειμάντου’
1010 2318 1063 2360 τα·

57 2398 160 2457 λαντα
183 2383 346 2514 ἀργυρίου
352 2395 453 2509 τρία.
489 2378 585 2459 οὗτοί
606 2417 640 2461 τε
664 2387 705 2478 δή
728 2390 906 2478 πληγεντες
927 2389 1063 2484 δόμοισι

57 2484 333 2574 ἀναπεπεισμένοι
346 2478 442 2575 ἦσαν,
454 2491 510 2558 καὶ
522 2507 606 2560 τοῖσι
615 2486 783 2576 Εὐβοεῦσι
795 2488 1048 2581 έκεχόριστο,’
1006 2521 1063 2562 αυ-

57 2587 112 2670 τός
129 2614 198 2657 τεο
187 2585 455 2678 ’Θεμιστοκλέης
473 2591 648 2678 ἐκέρδηνε,
673 2586 837 2660 έλανθανε
855 2589 946 2660 δέ
910 2619 949 2661 τα
967 2592 1064 2662 λοιπὰ

58 2697 154 2779 ἔχων,
173 2685 247 2757 ἀλλ’
267 2683 440 2776 η’πιστέατο
458 2695 494 2758 οί
507 2687 749 2778 μεταλαβόντες
768 2687 894 2761 τούτων
906 2698 975 2763 τῶν
987 2720 1063 2783 χρη·

56 2787 181 2880 μάτων,
210 2792 246 2859 ἐκ
263 2792 330 2859 τῶν
344 2784 514 2878 Ἀθηνέων
533 2793 647 2861 έλθείν
665 2792 718 2861 έπλ
735 2793 781 2883 τῷ
797 2788 884 2885 λόγῳ
901 2790 1007 2886 τούτῳ
1025 2791 1063 2862 τό

57 2888 216 2981 τοίνυν

131 2987 226 3062 Οὕτω
249 2987 291 3078 δή
309 2989 505 3081 κατέμειναν
528 3018 563 3061 τε
588 2995 625 3062 έν
641 2992 683 3081 τῇ
699 2987 828 3080 Εὐβοίη
846 2995 902 3063 καὶ
919 2992 1061 3082 ένανμολ-
1078 3015 1095 3069 6

57 3113 171 3182 χησαν.
206 3093 334 3180 ἐγένετο
352 3093 389 3162 δὲ
407 3083 488 3163 οἶδε·
530 3093 636 3159 ἐπείτε
656 3088 705 3180 δή
716 3095 748 3175 ές
765 3090 822 3173 τας
837 3089 973 3181 Ἀφετόις
985 3097 1062 3217 περὶ

59 3198 174 3280 δείλην
191 3200 321 3282 πρωΐ-ην
342 3195 521 3283 γινομένην
537 3190 677 3264 νἰπίκατο
700 3196 735 3262 οί
748 3190 928 3283 βάρβαροι,
952 3194 1062 3266 πυθό-

57 3321 152 3384 μενοι
174 3293 236 3381 μέν
254 3301 301 3363 ἔτι
317 3297 373 3364 καί
390 3291 552 3385 πρότερον
568 3289 695 3415 περὶ
662 3320 698 3363 το
718 3288 923 3383 Ἀρτεμίσιον
939 3305 1061 3366 ναυλο-

58 3397 146 3484 χέειν
157 3388 257 3475 νέας
256 3403 364 3483 Ελλην
366 3400 440 3477 ίδας
452 3391 576 3485 όλίγας,
588 3391 661 3465 τότε
672 3394 709 3462 δὲ
722 3391 818 3464 αὐτοὶ
831 3395 982 3478 ίδόυτες
987 3393 1071 3474 ποό-

58 3507 159 3582 θνμοι
177 3484 263 3582 ήσαν
280 3498 542 3589 έπιχειρέειν,εί
509 3524 627 3580 εκως
645 3499 757 3568 ελοιεν
778 3490 970 3642 αυτόιςῂέιι
980 3488 1045 3569 μευ
1056 3481 1128 3616 3²
