2378 3840
150 175 213 238 320
342 238 344 242 ,
528 177 777 236 HERODOTI
854 227 860 245 ,

150 333 373 423 ἀπαγορεύων
395 332 496 404 οὐδὲν
512 335 594 421 ἤνυε
611 333 817 421 συμβάλλειν
835 330 897 401 οὐκ
912 337 994 402 ἐάν
1028 335 1161 422 ἐποιησέ

149 438 185 504 τε
197 432 296 513 αὐτὸς
306 434 418 502 τοιάδε
431 432 475 512 ὡς
485 432 547 501 οὐκ
558 431 782 519 ἀρεσκόμενος
793 446 877 500 τοῖσι
888 435 1068 522 πρήγμασι
1079 447 1160 501 τοῖσι

149 536 187 602 έκ
202 536 403 619 Μαρδονίου
416 535 654 619 ποιευμένοισι.
676 538 744 599 τάν
758 531 953 620 ἐστρατήγεε
964 532 982 602 ὁ
995 531 1160 622 Ἀρτάβα·

150 638 203 714 ξος
228 629 305 718 ἐἶχε
321 632 356 700 δὲ
372 631 520 717 δνύαμιυ
542 628 604 698 οὐκ
619 627 751 717 ὀλίγην,
773 630 858 701 ἀλλά
874 634 927 700 καὶ
945 634 979 711 ἐς
1002 635 1160 720 τέσσερας

148 730 313 819 μυριάδας
322 726 518 818 ἀνθρώπων
531 732 606 818 περὶ
617 729 927 821 έοιυτάν·,τοάτονς,
938 731 1030 814 ὅπως
1040 730 1063 821 ἡ
1075 753 1159 821 συμ-

148 828 231 919 βολὴ
250 833 393 916 ἐγίνετο,
411 822 452 897 εά
469 828 721 914 ἐξεπιστάμενος
737 826 777 896 τά
793 835 907 917 ἔμελλε
921 829 1158 920 ἀποβήσεσθαι

149 927 213 998 ἀπὸ
235 936 293 1018 τῆς
312 928 434 1016 μάχης,
458 927 509 1017 ἤϊε
526 931 799 1016 κατηρτισμένος,
826 939 1055 1018 παραγγείλας
1077 929 1157 1001 κατά

148 1025 255 1097 τώυτὸ
270 1030 355 1097 ἰέναι
370 1028 497 1107 πάντας
510 1035 550 1116 τῇ
560 1024 605 1096 ἀν
616 1024 717 1107 αὐτὸς
731 1031 910 1117 ἐξηγέηται,
931 1028 1021 1110 ὅκως
1034 1028 1085 1100 ἀν
1100 1030 1156 1101 αά·

148 1126 208 1197 τὸν
228 1125 348 1216 ὁρίοισι
364 1131 513 1214 σπουδῆς
531 1132 657 1214 έχοντα.
685 1134 789 1196 ταῦτα
811 1134 1039 1215 παραγγείλας
1062 1128 1110 1212 ὡς
1129 1135 1156 1211 ές
1188 1165 1189 1168 “

147 1229 257 1318 μάχην
270 1221 331 1316 ἦγε
352 1231 458 1317 δῆθεν
478 1226 538 1295 τὸν
552 1227 703 1315 στρατόν.
734 1229 923 1316 προτερέων
938 1229 974 1297 δὲ
995 1234 1058 1319 τῆς
1076 1230 1155 1301 ὁδοῦ

149 1327 220 1414 ἀρα
234 1331 288 1396 καὶ
306 1325 346 1415 δὴ
359 1327 548 1414 φεύγοντας
562 1324 641 1405 τούς
652 1327 793 1412 Πέρσας.
816 1325 906 1395 οὕτω
917 1325 958 1415 δὴ
969 1325 1090 1398 οὐκέτι
1102 1327 1156 1399 τὸν

148 1423 252 1495 αὐτὸν
270 1424 397 1512 κόσμον
417 1428 610 1512 κατηγέετο,
638 1420 722 1493 ἀλλά
741 1421 804 1511 τὴν
824 1430 979 1512 ταχίστην
1004 1424 1155 1515 ἐτρόχαζε

148 1522 285 1611 φεύγων
301 1521 380 1591 οὔτε
400 1524 433 1601 ές
451 1521 489 1591 τδ
511 1522 649 1602 ξύλινον
663 1535 767 1608 τεῖχος
789 1520 866 1591 οὔτε
883 1525 917 1602 ές
937 1521 975 1592 τδ
996 1533 1153 1614 Θηβαίαν
1188 1524 1189 1531 ¹

147 1634 267 1705 τείχος,
283 1616 357 1687 ἀλλ’
376 1620 409 1697 ές
424 1621 571 1706 Φακέας,
586 1621 714 1687 ἐθέλων
731 1615 775 1698 ὡς
788 1618 924 1705 τάχιστα
938 1620 994 1689 ἐπὶ
1008 1617 1075 1690 τδν
1087 1621 1153 1691 Ἑλ·

97 1737 132 1795 57
146 1716 336 1806 λη’σποντου
352 1712 543 1784 ἀπικέσθαι.
566 1716 632 1783 Καὶ
644 1711 684 1803 δὴ
697 1707 790 1784 οὗτοι
800 1714 863 1802 μέν
872 1715 977 1805 ταάτη
989 1718 1150 1802 ἐτράπου·

146 1842 200 1902 το,
215 1820 283 1883 τάν
295 1814 331 1882 δέ
346 1811 458 1882 ἀλλων
467 1810 636 1901 Ἑλλήνων
648 1821 717 1882 τῶν
726 1811 807 1900 μετά
822 1817 976 1900 βασιλέος
991 1817 1150 1888 ἐθελοκα-

148 1916 295 1984 κεόντων
306 1916 446 1982 Βοιωτοὶ
457 1913 663 2000 Ἀθηναίοισι
678 1916 876 2002 ἐμαχέσαντο
887 1911 1014 2002 χρόνον
1025 1917 1085 1985 ἐπὶ
1098 1936 1151 1985 σν·

146 2013 238 2099 χυόυ.
258 2016 292 2079 οί
303 2010 369 2098 γάρ
387 2016 577 2098 μηδίζοντες
590 2019 658 2079 τῶν
670 2019 838 2099 Θηβαίαν,
853 2003 946 2078 οὗτοι
962 2010 1057 2098 εἶχον
1073 2037 1149 2102 προ·

146 2115 275 2196 θυμίην
297 2107 360 2177 οὐκ
378 2107 495 2198 ὀλίγην
509 2110 691 2198 μαχόμενοί
708 2135 743 2178 τε
763 2112 817 2178 καὶ
834 2107 895 2178 οὐκ
910 2113 1150 2182 ἐθελοκακέον-

146 2239 216 2300 τες,
238 2209 326 2280 οάτω
342 2209 425 2278 ἀίστε
439 2211 622 2298 τριηκόσιοι
636 2208 748 2278 αὐτῶν
765 2213 799 2277 οί
811 2201 937 2295 πρῶτοι
950 2211 1008 2278 καὶ
1023 2210 1151 2300 άριστοι

145 2315 294 2380 ἐνθαῦτα
316 2316 435 2385 ἔπεσον
456 2303 517 2376 ὑπ’
545 2305 748 2394 Ἀθηναίων·
780 2303 825 2385 ὡς
840 2305 876 2374 δέ
891 2306 1082 2392 έτράποντο
1103 2310 1150 2378 καλ

146 2401 256 2493 οὗτοι,
274 2414 419 2494 ἔφευγον
434 2408 467 2485 ές
481 2402 539 2486 τάς
553 2405 682 2493 Θήβας,
700 2401 742 2473 οά
761 2407 865 2491 τῇπερ
887 2410 921 2474 oc
932 2409 1078 2494 Πέρσαι.
1102 2410 1150 2478 καί

144 2513 212 2574 τῶν
224 2503 335 2575 ἀλλων
346 2506 530 2592 συμμάχων
545 2501 562 2572 ὁ
575 2511 640 2583 πάς
654 2501 768 2591 ὅμιλος
779 2501 856 2572 οὔτε
867 2507 1153 2594 διαμαχεσάμενος

97 2618 132 2674 68
149 2600 262 2671 οὐδενὶ
276 2601 352 2671 οὔτε
367 2630 397 2671 τι
411 2601 656 2689 ἀποδεξάμενος
670 2607 823 2689 ἔφευγον.
847 2611 958 2689 Δηλοί
968 2605 1089 2694 τέμοι,
1106 2604 1152 2676 ὅτι

145 2702 255 2770 πάντα
268 2698 309 2768 τά
327 2700 502 2788 πρήγματα
516 2708 584 2769 τῶν
598 2701 780 2789 βαρβάρων
793 2697 913 2790 ἤρτητο
929 2704 967 2771 ἐκ
978 2710 1153 2792 Περσέων,

146 2806 176 2869 εί
194 2801 249 2867 καὶ
265 2797 340 2866 τότε
361 2791 455 2866 οὗτοι
470 2802 551 2883 πρὶν
570 2795 592 2886 ἢ
610 2801 664 2867 καί
685 2803 840 2886 συμμῖξαι
857 2813 942 2868 τοῖσι
961 2811 1152 2891 πολεμίοισι

145 2907 308 2987 ἔφευγον,
334 2897 384 2966 ὅτι
404 2898 552 2980 καὶτοὺς
568 2904 696 2988 Πέρσας
713 2897 828 2988 άρεον.
858 2900 947 2969 οὕτω
967 2928 1004 2972 τε
1028 2905 1153 2985 πάντες

145 3003 292 3085 ἔφευγον
302 2994 391 3084 πλὴν
401 3006 459 3085 τῆς
469 3001 575 3067 ἵππου
585 3006 643 3085 τῆς
653 3025 688 3066 τε
699 2996 800 3085 ἀλλης
810 3003 864 3068 καί
874 3008 1048 3088 Βοιωτίης.
1069 3003 1153 3090 αὕτη

145 3099 182 3167 δὲ
192 3104 337 3166 τοσαῦτα
348 3101 561 3185 προσωφέλεε
572 3097 651 3178 τούς
661 3098 859 3184 φεύγοντας,
866 3103 933 3168 σίεί
939 3125 976 3168 τε
984 3100 1077 3191 πρὸς
1087 3111 1153 3175 τῶν

143 3203 311 3283 πολεμίων
333 3194 470 3283 άγχιστα
492 3200 610 3283 έοῦσα,
638 3193 831 3284 ἀπέργουσά
854 3221 890 3265 τε
909 3195 989 3278 τοὺς
1014 3209 1156 3286 φιλίους

144 3293 331 3381 φεύγοντας
346 3291 411 3361 ἀπὸ
428 3301 496 3362 τάν
510 3293 686 3382 Ἑλλήνων.
722 3298 767 3362 Οί
784 3295 846 3380 μέν
863 3291 903 3382 δὴ
918 3293 1090 3376 νικέοντες
1103 3300 1153 3368 εἴ·

92 3404 130 3460 69
141 3414 246 3458 ποντο
263 3388 341 3471 τοὺς
355 3393 483 3480 Ξέρξεω
499 3391 674 3472 διάκοντές
693 3416 728 3460 τε
744 3394 799 3459 καὶ
815 3391 1037 3479 φονεύοντες,
1062 3398 1102 3464 ἐν
1117 3393 1153 3466 d)

59 3580 98 3608 h
