2378 3840
321 183 405 241 ιιΒ.
436 182 484 239 lx.
517 181 615 238 cAP.
647 183 790 239 εε-εο.
998 175 1062 242 ³07

55 344 193 425 ξύλινον
214 343 302 411 πόδα
318 338 515 426 κατεστήκεε
532 341 568 406 ἐκ
584 344 643 425 τῆς
658 342 752 425 ἰθέης
770 344 1060 428 Λακεδαιμονίοισι

55 441 219 527 πολέμιος.
244 435 286 508 ού
301 440 415 527 μέντοι
426 442 508 522 ἔςχε
521 437 613 514 τέλος
628 439 662 503 οί
671 435 851 525 συνήνεικε
860 436 897 506 τό
911 444 1011 525 ἔχθος
1021 434 1059 507 τό

55 545 88 620 ές
101 541 387 626 Λακεδαιμονίους
404 537 689 624 συγκεκρημένον·
736 533 806 622 ἥλω
817 534 882 624 γάρ
894 536 1061 623 μαντενό·

55 662 154 725 μενος
167 638 204 704 έν
219 634 388 725 Ζακύνθρο
404 628 464 700 ὑπ’
481 627 593 699 αὐτόν
607 633 662 700 καί
679 629 837 702 ἀπέθανε.
861 632 897 703 Ὁ
915 638 976 722 μέν
991 661 1057 702 νυν
1073 643 1109 700 38

53 734 203 813 θάνατος
215 730 232 801 ὁ
245 729 509 820 Ἡγησιστράτου
522 727 666 817 ὕστερον
680 733 809 817 ἐγένετο
821 739 888 801 τῶν
898 740 1060 802 Πλαταα-

54 841 141 920 κῶν,
163 832 237 901 τότε
259 828 291 898 δ’
315 832 368 900 έπλ
388 836 434 921 τῷ
451 825 588 919 Ἀσωπβ
602 833 788 921 Μαρδονίῳ
807 835 1061 919 μεμισθωμένος

55 928 118 1000 ούκ
132 927 249 1016 ὀλίγον
263 927 385 997 ἐθύετό
399 928 503 996 τεκαὶ
517 928 747 1014 προεθυμέετο
761 929 846 998 κατά
859 957 894 998 τε
908 929 944 999 τό
964 937 1061 1018 ἔχθος
1153 942 1155 947 ’

54 1024 91 1097 τό
108 1031 383 1114 Λακεδαιμονίων
397 1029 452 1095 καλ
466 1023 550 1094 κατά
565 1023 603 1094 τό
620 1028 746 1112 κέρδος.
777 1024 821 1107 ὡς
835 1030 871 1096 δέ
885 1027 947 1097 ούκ
963 1032 1061 1099 ἐκαλ-

58 1133 142 1210 λίρεε
153 1123 237 1193 όστε
246 1123 411 1212 μάχεσθαι
423 1120 500 1191 οὔτε
512 1120 794 1212 αύτοίσιΠέρσησι
806 1121 882 1193 οὔτε
892 1140 977 1194 τοῖσι
988 1123 1060 1213 μετ’

55 1229 193 1294 ἐκείνων
204 1227 296 1293 έοῦσι
307 1221 477 1311 Ἑλλήνων
494 1220 594 1309 ἐἶχον
608 1220 673 1312 γὰρ
685 1225 740 1292 καί
753 1215 846 1293 οὗτοι
858 1223 911 1294 ἐπ’
925 1229 1060 1295 ἑωυτῶν

54 1325 176 1412 μάντιν
190 1320 391 1408 Ἱππόμαχον
409 1321 598 1391 Λευκάδιον
618 1320 757 1410 ἄνδρα,
779 1324 1003 1411 ἐπιρρεόντων
1024 1328 1060 1392 δὲ

55 1429 121 1490 τῶν
140 1417 308 1507 Ἑλλήνων
331 1421 387 1487 καί
408 1422 598 1507 γινομένων
621 1419 778 1488 πλεύνων
801 1426 1020 1509 Τιμηγενίδης
1041 1418 1057 1490 δ

57 1519 201 1605 Ἕρπυος
211 1512 298 1603 ἀνὴρ
311 1522 457 1604 Θηβαῖος
471 1518 719 1605 συνεβούλευσε
731 1522 917 1611 Μαρδονίφ
931 1516 991 1598 τάς
1004 1521 1060 1587 έκ-

54 1614 155 1708 βολάς
166 1621 228 1682 τοῦ
239 1618 455 1700 Κνθαιρῶνος
467 1615 628 1701 φυλάξαι,
644 1619 751 1701 λέγων
766 1612 810 1695 ὡς
825 1618 1017 1704 ἐπιρρέουσι
1028 1619 1062 1684 οί

59 1717 211 1803 Ἕλληνες
231 1715 296 1782 αίελ
317 1709 382 1779 άνό
408 1718 520 1781 πᾶσαν
539 1711 667 1801 ἡμέρην
688 1719 743 1784 καί
763 1712 807 1795 ύς
828 1713 1057 1802 άπολάμύοιτο

55 1813 206 1902 συχνούς.
219 1808 356 1896 Ἡμέραι
369 1811 409 1880 δέ
416 1831 475 1898 σφι
487 1808 774 1900 ἀντικατημένοισι
784 1809 847 1901 ἤδη
858 1811 1056 1899 ἐγεγόνεσαν
1072 1822 1107 1876 39

57 1912 158 1997 όκτά,
181 1907 237 1976 ὅτε
254 1914 359 1976 ταῦτα
375 1911 500 1990 ἐκεῖνος
515 1912 741 2000 συνεβούλευε
755 1917 951 2004 Μαρδονίῳ.
981 1908 999 1982 ὁ
1023 1915 1058 1980 δὲ

54 2006 176 2099 μαθων
190 2003 253 2094 τὴν
263 2012 463 2093 παραίνεσιν
474 2003 514 2077 εύ
529 2016 681 2096 ἔχουσαν,
698 2007 742 2089 ὥς
754 2007 905 2098 εύφρόνη
917 2012 1058 2096 ἐγένετο,

56 2112 174 2195 πέμπει
187 2103 251 2192 τὴν
264 2108 370 2174 ἵππον
385 2107 417 2185 ές
432 2105 490 2186 τάς
506 2105 646 2195 ἐκβολάς
660 2105 719 2186 τάς
735 2111 1004 2195 Κιθαιρωνίδας,
1026 2113 1064 2175 αἳ

53 2208 107 2277 έπί
116 2205 313 2275 Πλαταιέων
324 2208 483 2293 φέρουσι,
504 2204 563 2285 τός
574 2209 713 2274 Βοιωτοὶ
727 2207 789 2292 μέν
803 2213 899 2293 Τρεῖς
913 2200 1061 2291 κεφαλάς

53 2308 228 2388 καλέουσι,
239 2299 412 2389 Ἀθηναῖοι
427 2305 464 2371 δέ
477 2301 593 2390 Δρυὸς
608 2303 764 2389 κεφαλάς.
798 2306 1008 2391 πεμφθέντες
1025 2301 1061 2370 δὲ

54 2405 87 2468 οί
100 2398 236 2468 ίππύται
249 2396 291 2466 ού
302 2400 411 2486 μάτην
422 2397 592 2469 άπίκοντο.
616 2401 819 2490 ἐσβάλλοντα
830 2400 895 2489 γάρ
907 2405 940 2482 ές
950 2399 987 2472 τό
1000 2426 1061 2469 πε-
1111 2393 1113 2397 ’

55 2503 129 2567 δίον
146 2497 358 2584 λαμβάνουσι
372 2496 537 2586 ὑποζύγιά
553 2525 589 2567 τε
605 2499 818 2584 πεντακόσια,
834 2506 920 2568 σιτία
935 2498 1060 2586 ἄγοντα

55 2592 119 2664 ἀπό
132 2591 398 2681 Πελοποννήσου
412 2597 445 2673 ές
459 2594 496 2663 τό
515 2597 758 2682 στρατόπεδον,
774 2596 829 2664 καί
843 2593 1059 2683 άνθρύπονς,

55 2701 89 2764 ολ
109 2696 242 2761 εἵποντο
258 2705 344 2761 τοῖσι
360 2692 496 2779 ζεύγεσι.
527 2694 657 2773 ἑλόντες
674 2693 711 2762 δέ
729 2694 856 2781 ταύτην
877 2694 938 2782 τὴν
952 2694 1060 2782 άμρην

54 2798 89 2862 oc
102 2792 231 2880 Πέρσαι
245 2787 409 2877 άφειδέως
420 2791 600 2880 ἐφόνευον,
616 2789 659 2860 ού
673 2791 867 2879 φειδόμενοι
883 2790 959 2860 οὔτε
973 2789 1060 2860 ὑπο-

55 2898 169 2979 ζνχίου
184 2886 324 2968 οὐδενός
339 2888 417 2958 οὔτε
431 2887 628 2979 άυθρύπου.
653 2887 697 2970 ὡς
718 2892 754 2959 δέ
768 2888 854 2978 ἅδην
868 2888 957 2977 εἶχον
972 2897 1060 2960 κτεί-

54 3015 186 3076 νοντες,
208 2984 249 3056 τά
263 2984 364 3056 λοιπά
383 2985 496 3057 αύτων
511 2987 662 3076 ἤλαυνον
676 2988 953 3078 περιβαλλόμενοι
969 2986 1060 3074 παρά

55 3116 90 3158 τε
98 3086 305 3175 Μαρδόνιον
319 3088 375 3155 καί
389 3088 422 3166 ές
437 3086 473 3156 τδ
491 3088 726 3175 στρατόπεδον.
749 3082 847 3154 Μετά
859 3087 895 3154 δὲ
906 3091 1005 3154 τοῦτο
1018 3082 1055 3153 τό
1074 3097 1108 3152 4⁰

55 3191 157 3271 ἔρχου
171 3187 281 3271 ἑτέρας
295 3185 357 3254 δύο
372 3181 497 3274 ἡμέρας
512 3191 696 3274 διέτριψαν,
712 3181 880 3267 ούδέτεροι
894 3182 1060 3271 βουλόμε-

54 3311 109 3354 νοι
123 3283 228 3371 μάχης
242 3280 347 3371 ἄρξαι.
371 3287 465 3372 μέχρι
480 3286 542 3372 μέν
555 3284 620 3372 γάρ
635 3291 696 3353 τοῦ
706 3281 858 3351 Ἀσωποῦ
873 3278 1013 3369 ἐπήισαν
1027 3286 1061 3350 οί

56 3384 238 3473 βάρβαροι,
253 3381 459 3472 πειρεόμενοι
472 3391 539 3452 τῶν
550 3383 735 3471 Ἑλλήνων,
758 3380 936 3527 διίβαιιχιχχ
943 3381 978 3448 δὲ
997 3375 1059 3446 ού-
