2378 3840
143 225 184 289 ⁴⁶
517 226 770 284 RERODOTI
804 252 809 258 ·

142 388 268 479 ράννφ,
280 391 392 475 πολλῷ
403 390 451 453 έτι
462 384 591 470 ἐγένετο
602 385 764 465 Κυψέλου
774 386 1049 474 μιαιφονώτερος.
1062 395 1144 476 πέμ-

143 501 208 568 ψας
218 485 283 573 γάρ
294 483 384 567 παρά
391 484 635 572 Θρασύβουλον
649 483 780 570 κήρυκα
793 487 1015 575 ἐπυνθάνετο,
1028 488 1145 559 ὅντινα

142 581 187 653 ἀν
200 583 326 671 τρόπον
341 580 590 668 ἀσφαλέστατον
604 583 892 670 καταστησάμενος
906 593 973 655 τῶν
987 590 1144 676 πρηγμά-

142 709 210 750 των
224 682 383 754 κάλλιστα
399 678 461 767 τήν
474 681 575 749 πόλιν
591 683 812 768 ἐπιτροπεύοι.
850 685 1094 774 Θρασύβουλος
1108 690 1142 756 δὲ

142 780 201 849 τόν
215 780 360 848 ἐλθόντα
370 775 460 864 παρά
473 779 754 865 τοῦΠεριάνδρον
766 782 859 866 ἐξῆγε
870 787 931 862 ἔξω
942 791 1004 851 τοῦ
1016 783 1141 871 ἄστεος,

141 874 240 966 έσβάς
254 879 290 945 δὲ
302 879 335 956 ές
346 875 497 964 ἄρουραν
510 877 720 962 ἐσπαρμένην
733 875 801 963 άμα
815 904 850 946 τε
864 881 986 967 διεξήιε
996 879 1035 948 τό
1047 883 1142 970 λήϊον

140 975 345 1060 έπειρωτέων
352 1000 386 1040 τε
393 973 449 1039 καὶ
464 970 674 1054 ἀναποδίζων
687 971 747 1039 τόν
758 974 888 1061 κήρυκα
902 975 984 1044 κατά
1002 975 1067 1067 τήν
1078 977 1139 1047 ἀπό

144 1079 316 1155 Κορίνθου
330 1071 460 1157 ἄπιξιν,
481 1073 537 1139 καὶ
553 1071 691 1140 ἐκόλουε
707 1073 787 1156 αἰεὶ,
804 1071 890 1152 ὅκως
903 1074 978 1142 τινά
993 1082 1062 1145 ίδοι
1076 1085 1139 1146 τῶν

140 1167 315 1256 ἀσταχύων
339 1167 557 1255 ὑπερέχοντα,
582 1171 736 1237 κολούων
756 1171 792 1238 δὲ
812 1177 961 1260 ἔρριπτε,
987 1173 1064 1255 ές“
1042 1204 1062 1243 ο
1083 1183 1136 1244 τοῦ

139 1274 236 1356 ληίου
256 1265 292 1336 τό
308 1265 487 1336 κάλλιστόν
505 1270 610 1335 τεκαὶ
626 1268 820 1354 βαθύτατον
841 1274 1014 1360 διέφθειρε
1028 1275 1140 1364 τρόπω

139 1365 288 1456 τοιούτω.
318 1361 500 1444 διεξελθών
521 1361 606 1429 δε
573 1390 609 1430 το
625 1371 748 1451 χωρίον
764 1369 818 1434 καλ
832 1365 1084 1454 ὑποθέμενος
1065 1393 1140 1450 επος

139 1463 241 1534 ούδὲν
255 1434 491 1548 ἀποπέμπει
458 1487 517 1528 τον
539 1461 678 1582 κήρυκα
708 1463 930 1550 νοστήσαντος
947 1469 984 1533 δὲ
999 1474 1062 1535 τοῦ
1082 1470 1138 1587 κή-

140 1589 243 1651 ρυκος
257 1558 338 1639 ές
303 1588 364 1647 την
378 1547 592 1645 Κόρινθον
568 1586 614 1645 ην
628 1560 805 1647 πρόθυμος
823 1562 1115 1648 πυνθάνεσθαι
1081 1593 1140 1652 την

140 1660 320 1750 ὑποθήκην
334 1687 352 1727 ο
339 1657 438 1742 ’Περ
439 1656 619 1743 ί.ανδρος’
605 1685 623 1724 ο
642 1661 678 1725 δὲ
693 1656 843 1727 ούδένί
809 1685 827 1725 ο
829 1664 922 1746 ίέφη
938 1662 1138 1785 Θρασύβου-

138 1769 199 1828 λον
214 1758 421 1843 ὑποθέσθαι,
453 1756 618 1843 θωμάζειν
640 1781 675 1822 τε
686 1752 802 1841 αὑτοῦ,
820 1754 902 1843 παρ’
917 1750 991 1824 οἷόν
1004 1784 1065 1843 μιν
1080 1758 1138 1825 ἀν-

139 1861 202 1942 δρα
217 1853 437 1942 ἀποπέμψειε,
460 1852 503 1931 ὡς
518 1852 718 1940 παραπλῆγά
733 1880 768 1920 τε
789 1857 844 1921 καὶ
862 1862 931 1922 τῶν
946 1859 1076 1926 ἑωυτοῦ
1090 1877 1138 1923 σι-

139 1953 307 2040 νάμωρον,
323 1949 550 2039 ἀπηγεόμενος
569 1951 671 2038 τάπερ
695 1949 1033 2041 πρόςΘρασυβούλου
1049 1952 1136 2022 ὀπύ-

106 2070 122 2123 7
138 2078 205 2120 πεε.
243 2054 448 2136 Περίανδρος
466 2049 502 2116 δέ
517 2052 629 2127 συνελς
642 2047 678 2116 τό
696 2050 855 2137 ποιηθὲν,
878 2048 1011 2146 καλνόφ
1023 2052 1134 2138 ίσχών,

139 2152 183 2233 ἀίς
194 2157 228 2221 οί
237 2148 411 2219 ὑπετίθετο
419 2151 658 2237 Θρασύβουλος
666 2148 745 2229 τούς
754 2148 939 2236 ὑπερόχους
949 2153 1017 2218 Ιτῶν
1029 2151 1133 2221 ἀστῶν

138 2249 314 2338 φονεύειν,
331 2252 480 2318 ἐνθαῦτα
494 2247 535 2336 δή
550 2257 661 2316 πᾶσαν
675 2248 839 2335 κακότητα
854 2252 1005 2335 ἐξέφαινε
1017 2255 1052 2332 ές
1062 2251 1133 2330 τούς

137 2348 303 2437 πολιήτας.
326 2347 388 2417 ὅσα
403 2347 467 2434 γάρ
479 2348 634 2428 Κύψελος
646 2345 782 2416 ἀπέλιπε
793 2355 933 2414 κτείνων
943 2373 978 2415 τε
991 2353 1048 2418 καὶ
1060 2350 1132 2418 διό·

137 2475 217 2534 κων,
230 2446 440 2533 Περίάνδρός
451 2467 537 2532 σφεα
552 2443 736 2530 ἀπετέλεσε,
752 2453 810 2532 μνη
825 2446 861 2513 δέ
871 2444 977 2534 ἡμέρη
992 2446 1130 2516 ἀπέδυσε

136 2545 244 2624 πάσας
258 2542 317 2624 τάς
327 2552 524 2629 Κορινθίων
538 2558 699 2630 γυναῖκας
714 2541 768 2610 διά
779 2540 840 2628 τήν
853 2546 979 2611 ἑωυτοῦ
992 2558 1135 2630 γυναῖκα

137 2646 322 2711 Μέλισσαν.
336 2646 501 2728 πέμψαντι
513 2643 577 2729 γάρ
590 2645 625 2708 oc
633 2644 666 2722 ές
675 2640 954 2728 Θεσπρωτοὺςέπ’
965 2641 1132 2730 Ἀχέροντα

138 2738 288 2825 ποταμόν
298 2736 459 2824 ἀγγέλους
468 2742 521 2807 έπλ
533 2740 569 2807 τό
582 2739 847 2826 νεκυομαντήιον
859 2740 1133 2827 παρακαταθήκης

138 2840 213 2922 πέρι
226 2841 369 2923 ξεινικῆς
381 2835 460 2904 ούτε
477 2842 655 2923 σημανέειν
669 2844 734 2924 ἔφη
746 2835 766 2924 ἡ
778 2840 932 2906 Μέλισσα
943 2839 1132 2924 ἐπιφανεῖσα

139 2934 218 3004 ούτε
236 2940 405 3021 κατερέειν
423 2941 460 3003 έν
472 2943 517 3027 τῷ
528 2939 635 3006 κέεται
646 2937 742 3028 χοίρῳ
754 2935 774 3023 ἡ
787 2936 1068 3024 παρακαταθήκη·
1089 2939 1131 3021 ρι-

139 3041 225 3121 γούν
243 3061 278 3102 τε
296 3034 358 3121 γάρ
376 3040 431 3102 καλ
451 3033 535 3103 εἶναι
554 3036 680 3123 γυμνή·
696 3042 764 3102 τείν
775 3035 839 3123 γάρ
858 3039 892 3102 οί
906 3037 1132 3120 συγκατέθαψε

141 3133 284 3220 εἱμάτων
296 3132 418 3220 ὄφελος
431 3133 515 3202 εἶναι
527 3133 628 3203 οὐδὲν
641 3133 682 3203 ού
695 3135 992 3202 κατακαυθέντων·
1014 3128 1132 3220 μαρτύ-

141 3259 216 3322 ριον
228 3237 268 3299 δέ
280 3235 314 3300 oc
324 3231 423 3320 εἶναι,
443 3231 488 3313 ὣς
498 3232 626 3320 ἀληθέα
637 3241 741 3302 ταῦτα
758 3236 862 3319 λέγει,
882 3231 934 3300 ὅτι
946 3235 999 3299 ε’πλ
1011 3228 1132 3319 ψυχρόν

141 3331 200 3420 τόν
213 3331 313 3400 ίπνόν
323 3339 531 3420 Περίανδρος
543 3335 621 3414 τούς
633 3331 755 3421 ἀρτους
767 3336 915 3420 ἐπέβαλε.
933 3337 1039 3400 ταῦτα
1050 3332 1085 3400 δέ
1097 3324 1132 3405 ὑί

141 3436 247 3500 όπίσω
265 3431 459 3520 ἀπηγγέλθη
477 3439 524 3522 τςδ
540 3434 736 3522 Περιάνδρῳ
758 3430 891 3518 (πιστὸν
910 3430 974 3520 γάρ
992 3433 1029 3498 οί
1043 3421 1087 3516 ἦν
1103 3422 1131 3492 τό
1152 3504 1156 3514 ¹
