2378 3840
137 185 199 249 112
508 188 761 247 HERODOTI

64 363 113 416 ενι
219 351 321 434 δόμα
348 345 389 414 δέ
410 372 484 433 μοι,
509 349 564 415 καὶ
582 343 644 414 ούκ
659 348 834 434 ἐνδέκομαι
850 345 910 417 τόν
930 347 1044 434 λόγον,
1064 343 1138 414 Ἀλ-

134 453 337 537 κμαιωνίδας
355 447 398 516 άν
417 473 494 516 κοτε
519 444 674 528 ἀναδέξαι
692 452 842 537 Πέρσῃσι
867 449 903 516 ἐκ
923 445 1140 534 συνθήματος

135 546 274 635 ἀσπίδα,
288 549 516 636 βουλομένους
528 544 596 614 υπδ
614 548 817 636 βαρβάροισί
829 571 865 615 τε
879 544 965 615 εἶναι
980 543 1140 632 Ἀθηναί-

135 674 194 726 ους
208 650 263 717 καί
278 645 345 716 ὑπὸ
355 646 478 736 Ἱππίῃ.
497 649 618 726 οἵτινες
632 643 796 734 μάλλονή
812 643 934 734 ὁμοίως
948 653 1077 735 Καλλίῃ
1092 654 1140 736 τῷ

135 750 345 832 Φαινίππου,
355 743 549 815 Ἱππονίκου
564 747 602 815 δὲ
611 747 728 834 πατρὶ,
744 752 922 834 φαίνονται
933 746 1140 833 μισοτύραν-

134 868 187 911 νοι
206 842 324 923 ἐόντες.
345 850 492 931 Καλλίης
505 870 542 913 τε
556 840 622 932 γάρ
636 849 763 930 μοῦνος
776 840 967 930 Ἀθηναίων
979 842 1140 913 ἁπάντων

134 941 265 1028 ἐτόλμα,
282 940 369 1021 όκως
379 948 616 1029 Πεισίστρατος
626 941 759 1010 ἐκπέσοι
770 942 807 1008 ἐκ
822 948 890 1010 τῶν
899 938 1083 1029 Ἀθηνίων,
1098 938 1139 1008 τά

133 1037 283 1126 χρήματα
302 1037 408 1108 αὐτοῦ
428 1037 664 1127 κηρυσσόμενα
686 1033 754 1106 ὑπὸ
776 1044 838 1105 τοῦ
858 1043 1020 1125 δημοσίου
1038 1035 1141 1106 ὠνέε-

134 1149 226 1223 σθαι,
242 1140 298 1207 καί
311 1135 351 1206 τά
363 1136 448 1207 άλλα
457 1136 498 1207 τά
510 1144 646 1226 ἐχθιστα
659 1140 692 1218 ἐς
701 1134 808 1207 αὐτόν
821 1135 931 1205 πάντα
943 1139 1138 1225 ἐμηχανᾶτο.

69 1249 117 1302 ινα
133 1241 296 1321 [Καλλίεω
311 1237 348 1303 δὲ
363 1236 489 1305 τούτου
502 1235 598 1317 άξιον
612 1242 780 1322 πολλαχοῦ
794 1235 929 1322 μνήμην
947 1238 1015 1304 ἐστὶ
1029 1234 1139 1303 πάντα

133 1329 209 1401 τινά
231 1338 327 1419 ἔχειν.
356 1333 534 1421 τοῦτομὲν
555 1332 678 1422 γάρτά
699 1337 962 1421 προλελεγμένα,
987 1331 1031 1412 ὡς
1053 1330 1138 1420 άνήρ

133 1431 236 1519 άκρος
249 1434 440 1521 ἐλευθερῶν
456 1432 520 1520 τήν
533 1438 692 1525 πατρίδα,
708 1441 807 1503 τούτο
823 1434 860 1503 δὲ
874 1432 915 1502 τά
931 1436 968 1502 ἐν
978 1433 1139 1523 Ὀλυμπίῃ

133 1533 280 1616 ἐποίησε.
303 1533 394 1623 ἵππῳ
409 1532 565 1619 νικήσας,
588 1538 762 1623 τεθρίππῳ
777 1535 815 1600 δὲ
830 1531 984 1619 δεύτερος
997 1530 1140 1618 γευόμε-

134 1655 202 1718 νος,
224 1630 343 1699 Πύθια
354 1633 390 1699 δέ
401 1630 568 1719 πρότερον
580 1627 791 1716 ἀνελόμενος,
804 1627 1005 1717 ἐφανερώθη
1018 1630 1051 1708 ἐς
1060 1624 1140 1707 τούς

131 1727 293 1818 Ἕλληνας
307 1729 433 1810 πάντας
444 1735 615 1820 μεγίστῃσι
626 1728 803 1818 δαπάνῃσι.
820 1735 918 1797 τούτο
932 1729 968 1797 δὲ
982 1727 1067 1797 κατά
1081 1725 1139 1807 τάς

134 1831 262 1897 έωυτού
282 1831 473 1914 θυγατέρας
488 1829 608 1908 ἐούσας
627 1840 716 1914 τρεῖς
736 1822 808 1905 οίός
827 1849 876 1903 τις
892 1823 978 1913 άνήρ
997 1829 1136 1913 ἐγένετο.

133 1921 247 2011 ἐπειδή
262 1922 327 2012 γάρ
344 1926 498 2011 ἐγένοντο
518 1923 631 2012 γάμου
648 1921 784 2012 ὡραῖαι,
808 1927 914 1992 ἐδωκέ
929 1943 991 2012 σφι
1007 1921 1138 2011 δωρεὴν

133 2022 487 2110 μεγαλοπρεπεστάτην
501 2024 648 2111 ἐκείνῃσί
655 2048 690 2089 τε
707 2022 895 2108 ἐχαρίσατο·
919 2025 955 2090 ἐκ
969 2019 1034 2110 γάρ
1051 2023 1135 2091 πάν-

131 2146 199 2187 των
213 2124 281 2186 τῶν
291 2116 481 2206 Ἀθηναίων
496 2117 557 2188 τόν
573 2118 694 2206 ἑκάστῃ
710 2120 822 2188 ἐθέλοι
837 2118 946 2206 άνδρα
961 2123 1069 2209 έωυτή
1083 2123 1136 2187 ἐκ

66 2233 116 2288 {23
131 2219 301 2302 λέξασθαι,
321 2221 423 2286 ἔδωκε
437 2216 544 2310 τούτῳ
559 2225 605 2308 τῷ
620 2215 741 2303 άνδρί]
764 2220 830 2286 Καὶ
841 2222 875 2286 οί
883 2215 1138 2304 Ἀλκμαιωνίδαι

132 2313 254 2402 ὁμοίως
268 2312 290 2403 ή
305 2315 406 2386 οὐδὲν
417 2320 517 2386 ἕσσον
529 2316 651 2385 τούτου
665 2308 754 2403 ήσαν
769 2314 1018 2404 μισοτύραννοι.
1063 2315 1139 2378 ³03..

130 2442 177 2501 μα
192 2409 241 2484 ύν
256 2442 330 2502 μοι,
347 2420 402 2486 καὶ
417 2415 459 2485 ού
474 2422 651 2504 προσίεμαι
667 2413 731 2502 τήν
745 2412 924 2501 διαβολήν,
945 2413 1086 2494 τούτους
1100 2438 1138 2499 γε

131 2514 287 2595 άυαδέξαι
303 2511 443 2603 άσπίδα,
460 2519 580 2595 οἵτινες
597 2514 744 2603 ἔφευγόν
759 2541 795 2584 τε
810 2512 871 2583 τόν
886 2512 996 2582 πάντα
1012 2512 1138 2602 χρόνον

130 2611 209 2691 τούς
223 2612 429 2701 τυράννους,
451 2615 487 2710 ἐκ
503 2621 651 2702 μηχανῆς
665 2640 701 2682 τε
716 2620 774 2700 τῆς
790 2613 920 2680 τούτων
941 2615 1092 2692 ἐξέλιπον
1107 2613 1139 2680 οί

130 2714 399 2797 Πεισιστρατίδαι
417 2707 480 2797 τήν
502 2716 695 2798 τυραννίδα.
730 2714 786 2780 καί
808 2708 897 2778 οὕτω
914 2707 974 2787 τάς
992 2705 1138 2795 Ἀθήνας

131 2802 225 2878 οὗτοι
239 2802 327 2897 ἦσαν
342 2813 376 2878 οί
389 2811 677 2897 ἐλευθερώσαντες
691 2817 803 2900 πολλῷ
818 2815 946 2896 μᾶλλον
959 2807 1046 2896 ἥπερ
1058 2806 1140 2895 Ἀρ-

131 2907 249 2995 μόδιός
263 2934 299 2976 τε
313 2910 368 2976 καὶ
378 2906 643 2998 Ἀριστογείτων,
666 2906 711 2989 ὡς
725 2905 789 2995 ἐγά
804 2913 918 2996 κρίνω.
948 2911 981 2974 ολ
993 2909 1057 2992 μὲν
1073 2905 1139 2994 γάρ

131 3003 936 3093 ἐξηγρίωσαντούςύπολοίπουςΠεισιστρατιδέων
955 3002 1138 3091 Ἵππαρχον

131 3103 402 3192 ἀποκτείναντες,
423 3103 506 3175 ούδέ
521 3133 552 3175 τι
575 3112 703 3194 μάλλον
724 3110 875 3174 ἐπαυσαν
897 3099 977 3180 τούς
998 3099 1140 3180 λοιπούς

130 3199 416 3291 τυραννεύοντας,
433 3201 689 3292 Ἀλκμαιωνίδαι
704 3202 740 3272 δέ
756 3203 928 3289 ἐμφανέως
942 3197 1138 3288 ἠλευθέρω-

131 3320 212 3384 σαν,
234 3303 265 3367 εί
277 3297 318 3388 δή
334 3293 432 3371 οὗτοί
444 3328 482 3390 γε
502 3300 654 3390 ἀληθέως
673 3295 760 3390 ἦσαν
773 3305 808 3369 ολ
822 3295 884 3386 τήν
899 3302 1040 3384 Πυθίην
1053 3293 1139 3366 άνο-

129 3403 302 3480 πείσαντες
310 3408 551 3491 προσημαίνειν
557 3404 850 3490 Λακεδαιμονίοισι
861 3398 1071 3482 ἐλευθεροῦν
1082 3394 1139 3473 τάς
