2378 3840
307 140 391 201 613.
423 142 481 198 vn.
515 142 611 200 cAP.
643 147 816 209 εει-τεο.
1000 143 1063 211 177

64 301 187 387 ἀνδρες
199 305 420 386 Σπαρτιῆται,
441 295 524 383 φύσι
545 322 580 364 τε
600 298 773 383 γεγονότες
790 292 830 366 εὑ
846 303 899 368 καὶ
918 302 1061 388 χρήμασι

65 395 246 484 ἀνήκοντες
260 397 294 474 ές
306 391 347 462 τά
361 395 679 479 πράτα,,έθελονταί
694 392 865 465 ὑπέδυσαν
879 398 1001 486 ποινήν
1011 405 1058 469 τί-

65 517 139 563 σειν
152 497 256 582 Ξέρξη
270 500 337 561 τῶν
348 498 497 578 Δαρείου
512 491 670 578 κηρύκων
683 499 751 560 τοῖν
771 495 808 561 έν
821 496 961 585 Σπάρτη
975 495 1061 564 ἀπο-

65 594 226 680 λομένων.
247 590 335 658 οὑτω
341 596 546 675 Σπαρτιῆται
557 589 697 667 τούτους
709 587 752 668 ὡς
763 586 1061 679 ἀποθανευμένους

66 697 100 773 ἐς
111 693 251 804 Μήδους
262 687 466 810 ἀπέπεμψαν
481 686 575 775 Αὑτη
586 714 621 756 τε
634 687 655 806 6
666 687 770 803 τόλμα
781 692 910 759 τούτων
921 698 988 760 τάν
998 688 1061 757 ἀν·
1077 709 1132 764 1³⁵

63 789 154 866 δράν
174 780 332 869 θύματος
354 782 426 872 αξίη
437 787 492 853 καί
502 784 580 851 ταδε
590 808 674 867 προς
683 806 829 853 τουτοισι
839 814 879 854 τα
867 784 978 855 ἔπεα
996 811 1061 852 πο-

65 880 241 966 ρευόμενοι
255 875 318 963 μάρ
335 884 368 960 ές
380 886 495 949 Σοῦσα
513 877 725 947 ἀπικνέονται
741 886 820 968 παρ’
845 880 1013 970 λ’δάρνεα.
1040 880 1059 950 6

64 977 101 1042 δὲ
110 965 305 1061 Ὑδάρνης
282 998 327 1059 ην
338 978 400 1062 μέν
411 976 505 1061 γένος
515 979 661 1065 Πέρσης,
677 975 858 1064 στρατηγὸς
868 978 905 1046 δέ
915 985 981 1045 τοῖν
994 1002 1061 1044 πα-

64 1074 301 1157 ραθαλασσίων
313 1069 504 1166 ἀνθρώπων
514 1079 581 1140 τῶν
592 1075 677 1140 έν
638 1099 678 1160 τη
688 1071 818 1160 Ἀσίη,“
798 1099 835 1151 ος
845 1094 947 1160 σφεας
956 1079 1060 1154 ξείνια

64 1168 273 1250 προθέμενος
286 1171 387 1255 ί,στία
409 1171 605 1249 ξεινίζωνδὲ
622 1177 726 1254 είρετο
740 1172 848 1255 λέγων
861 1169 955 1238 τάδε
978 1168 1061 1237 ’Ἁν-

65 1271 143 1351 δρες
156 1265 430 1353 Λακεδαιμόνιοι,
448 1274 483 1335 τί
493 1267 532 1355 δή
553 1267 693 1354 φεύγετε
706 1270 836 1355 βασιλέι·
854 1274 945 1353 φίλοι
965 1274 1060 1354 μενέ-

64 1371 163 1428 σθαι·
154 1357 278 1449 ,ὁρᾶτε
288 1360 364 1455 γάρ,
379 1361 424 1442 ὡς
434 1365 600 1432 ἐπίσταται
600 1360 766 1480 βασιλεύς
776 1360 899 1450 ἀνδρας
910 1360 1061 1448 ἀγαθούς

63 1464 180 1544 τιμᾶν,
198 1459 231 1536 ές
241 1460 301 1544 έμέ
308 1485 343 1528 τε
352 1463 407 1527 καὶ
418 1486 457 1526 τα
446 1455 530 1544 έμα
541 1482 716 1544 πρηγματα
727 1453 979 1545 ἀποβλέποντες
998 1456 1061 1524 06-

63 1580 109 1621 τω
129 1551 240 1640 δήκαὶ
262 1553 356 1641 υμείς
373 1581 388 1622 ε
389 1558 523 1640 ίδοίητε
539 1551 641 1638 ὑμέας
658 1550 781 1632 αύτούς
797 1558 941 1642 βασιλέϊ
964 1553 1061 1620 δεδό·

62 1655 173 1729 ξωσθε
185 1648 251 1735 μάρ
267 1650 350 1738 πρός
363 1650 467 1718 αὑτου
453 1649 601 1735 ἀνδρες
612 1649 731 1718 εἶναι’
712 1653 843 1736 αγαθοί·
866 1651 1038 1732 ἕκαστος’1
1016 1679 1060 1719 αν

64 1749 180 1835 ὑμέων·
194 1746 288 1833 ἀρχοι
303 1754 364 1833 γῆς
373 1745 528 1825 Ἑλλάδος
543 1747 659 1824 δόντος
669 1752 829 1834 βασιλέος.
852 1747 944 1833 Πρός
957 1756 1060 1817 ταῦτα

63 1846 285 1930 ὑπεκρίναντο
302 1845 396 1911 τάδε·
411 1842 584 1930 Ὕδαρνες,
600 1840 661 1912 οὑκ
673 1847 706 1924 ἐξ
718 1853 793 1913 ίσου
806 1852 932 1932 γίνεται
942 1845 962 1934 6
974 1867 1061 1933 συμ-

63 1950 181 2033 βουλίη
196 1941 217 2028 6
233 1946 265 2021 ές
285 1940 386 2030 ἡμέας
401 1949 564 2011 τείνουσα.
593 1950 654 2011 τοῦ
667 1944 729 2029 μὲν
743 1940 808 2033 μάρ
822 1949 1061 2032 πεπειρημένος

63 2039 321 2128 συμβουλεύεις,
344 2046 404 2108 τοῦ
420 2039 455 2108 δὲ
471 2037 605 2126 άπειρος
620 2041 694 2108 ἐνόν.
720 2037 758 2107 τό
778 2040 840 2126 μέν
855 2038 921 2126 γάρ
941 2045 1062 2117 δοῦλος

64 2141 148 2210 εἶναι
163 2141 358 2224 ἐξεπίστεαι,
377 2141 568 2225 ἐλευθερίης
585 2142 621 2206 δὲ
636 2136 726 2206 ούκω
738 2138 929 2225 ἐπειρήθης,
944 2135 1016 2206 οὔτ’
1032 2141 1063 2204 εί

65 2247 133 2309 ἔστι
146 2234 253 2325 γλυκύ
270 2234 343 2305 ούτ’
359 2245 390 2307 εί
401 2237 455 2325 μή.
485 2243 516 2306 εί
530 2234 593 2322 γάρ
608 2232 710 2324 αὐτῆς
729 2235 919 2323 πειρήσαιο,
941 2232 1003 2302 οὑκ
1017 2229 1061 2300 ἀν

64 2338 204 2423 δούρασι
218 2335 461 2422 συμβουλεύοις
474 2333 554 2421 ἡμῖν
570 2336 645 2421 περὶ
659 2331 760 2419 αὑτῆς
774 2331 955 2419 μάχεσθαι,
977 2329 1060 2398 ἀλλά

63 2439 119 2504 καὶ
134 2437 292 2502 πελέκεσι.
320 2440 431 2500 Ταῦτα
447 2430 676 2519 μδνὙδάρνεα
691 2428 885 2517 ἀμείψαντο,
900 2432 1061 2497 ἐνθεῦτεν
1078 2445 1131 2500 13⁶·

63 2534 100 2599 δὲ
121 2529 165 2607 ὡς
182 2526 350 2615 ἀνέβησαν
371 2531 403 2606 ἐς
416 2535 549 2616 Σοῦσα,
569 2531 624 2597 καὶ
643 2532 772 2616 βασιλέϊ
790 2530 823 2607 ές
843 2526 922 2608 όψιν
938 2520 1060 2613 ἦλθον,

63 2632 178 2710 πρῶτα
189 2624 251 2709 μὲν
261 2631 329 2692 τῶν
344 2623 545 2711 δορυφόρων
556 2625 762 2693 κελευόντων
773 2627 828 2693 καὶ
839 2623 990 2712 ἀνάγκην
1001 2644 1061 2710 σφι

64 2719 327 2809 προσφερόντων
340 2725 559 2809 προσκυνέειν
572 2726 708 2812 βασιλέα
722 2729 987 2811 προσπίπτοντας
998 2721 1061 2792 ούκ

65 2829 194 2907 ἔφασαν
220 2816 406 2905 ὠθεόμενοι
425 2818 509 2907 πρὸς
531 2816 643 2888 αὑτῶν
665 2822 718 2888 έπὶ
740 2819 890 2907 κεφαλήν
909 2820 1062 2907 ποιήσειν

64 2926 167 2987 ταῦτα
184 2914 325 3005 ούδαμά
351 2917 428 2987 ούτε
447 2918 512 3005 γάρ
530 2940 589 3006 σφι
610 2922 647 2988 έν
662 2921 754 3012 νόμω
773 2919 856 2990 εἶναι
877 2919 1061 3005 ἀνθρωπον
1151 2936 1156 2943 “

63 3012 339 3101 προσκννέειν”
297 3039 374 3083 ουτε
385 3015 467 3084 κατά
479 3024 580 3085 ταῦτα
591 3015 700 3104 ήκειν·
709 3017 754 3097 ὡς
764 3015 833 3084 δέ’
814 3021 1060 3104 απεμαχέσαντο

64 3116 162 3179 τοῦτο
170 3110 335 3231 ,δεύτερά
349 3130 410 3198 σφι
421 3115 553 3200 λέγουσι
568 3113 646 3181 τάδε
657 3116 711 3181 καὶ
723 3111 827 3198 λόγου
841 3117 973 3180 τοιοῦδε
986 3111 1061 3196 626-

64 3232 165 3290 μενα·
183 3197 222 3272 Ὠ
233 3214 371 3293 βασιλεῦ
383 3210 523 3299 Μήδων,
535 3217 687 3299 ἔπεμψαν
696 3208 1060 3300 ήμέαςΛακεδαιμόνιοι

65 3305 139 3375 ἀντὶ
153 3310 221 3370 τῶν
235 3305 422 3451 ένΠΣπάρτη
434 3306 651 3395 ἀπολομένων
662 3308 828 3397 κηρύκων,
844 3331 965 3460 πομὲην
976 3311 1062 3378 exec-

148 3412 248 3451 mon.
292 3437 299 3451 .

988 3470 1144 3584 Ι·
