2378 3840
129 177 191 242 256
507 180 756 239 HERODOTI

129 344 188 426 δης
203 337 221 408 ὁ
234 341 445 427 Λυσιμάχου,
462 336 548 426 ἀνήρ
560 336 737 424 Ἀθηναῖος
748 335 820 424 μέν,
836 341 1137 427 ἐξωστρακισμένος

128 445 165 509 δὲ
180 438 246 509 ὑπό
259 447 320 508 τοῦ
332 440 453 526 δήμου,
467 438 527 506 τόν
537 434 601 524 ἐγώ
614 438 785 523 νενόμικα,
800 437 1070 525 πυνθανόμενος
1080 435 1139 507 αό-

129 547 190 607 τοῦ
210 538 271 607 τδν
291 538 419 626 τρόπον
425 588 435 624 ,
459 536 596 624 ἀριστον
612 534 721 622 ἀνδρα
740 538 901 621 γενέσθαι
922 538 960 604 ἐν
974 532 1140 624 Ἀθήνησι

129 641 184 706 καί
199 635 418 705 δικαιότατον.
441 629 540 715 οὗτος
556 632 648 721 ὡνήρ
661 630 740 712 στάς
754 636 808 703 ἐπὶ
824 631 861 702 τδ
874 639 1061 723 συνέδριον
1073 638 1136 717 ἐξε-
1152 710 1157 721 ,

129 738 263 803 καλέετο
275 736 508 823 Θεμιστοκλέα,
521 734 618 802 ε’όντα
629 734 691 820 μὲν
703 734 815 823 ἑωυτῷ
827 729 869 801 οὐ
881 739 996 820 φίλον,
1012 731 1146 822 έχθρδν

130 834 166 900 δὲ
180 828 220 898 τά
235 831 393 918 μάλιστα·
416 828 483 900 ὑπὸ
496 834 532 900 δὲ
548 828 715 917 μεγάθεος
729 835 798 895 τῶν
812 831 1012 917 παρεόντων
1023 836 1155 898 κακῶν

129 931 241 1018 λήθην
248 932 386 999 ἐκείνων
397 931 597 1017 ποιεόμενος
603 932 801 1016 ἐξεκαλέετο,
808 930 936 998 ἐθέλων
946 929 1043 1022 αὐτῷ
1055 952 1135 1018 συμ

128 1033 239 1114 μῖξαι.
251 1030 458 1116 προακηκόεε
474 1031 522 1115 δὲ,
540 1027 591 1096 ότι
603 1025 782 1095 σπεόδοιεν
794 1031 828 1095 οί
836 1024 903 1095 ἀπὸ
913 1030 1139 1117 Πελοποννή-

129 1149 192 1194 σου
210 1124 350 1213 ἀνάγειν
365 1124 425 1205 τάς
437 1128 514 1205 νέας
528 1123 613 1212 πρός
628 1122 688 1193 τόν
701 1122 847 1212 Ἰσθμόν.
869 1122 914 1204 ὡς
925 1125 962 1194 δδ
974 1127 1104 1213 ἐξῆλθέ
1112 1131 1140 1194 οί

129 1228 380 1312 Θεμιστοκλέης,
393 1229 484 1310 ἔλεγε
495 1221 695 1311 Ἀριστείδης
704 1223 800 1290 τάδε·
817 1220 937 1310 Ἡμέας
948 1224 1139 1307 στασιάζειν

128 1322 236 1408 χρεάν
252 1323 320 1390 ἐστι
332 1328 370 1390 ἐν
383 1349 419 1390 τε
433 1329 479 1414 τῷ
495 1321 585 1414 ἀλλφ
600 1328 705 1412 καιρῷ
719 1323 775 1389 καί
789 1319 830 1409 δή
848 1325 903 1391 καί
913 1325 951 1391 ἐν
965 1327 1057 1414 τρῖδε
1068 1325 1138 1408 περὶ

129 1427 189 1487 τοῦ
201 1416 357 1507 ὁκότερος
368 1417 480 1508 ἡμέων
494 1423 583 1490 πλέω
594 1416 707 1507 ἀγαθά
719 1417 781 1507 τήν
795 1425 938 1508 πατρίδα
947 1421 1136 1510 ἐργάσεται.

130 1523 215 1606 λέγω
227 1522 267 1587 δέ
275 1545 342 1605 τοι,
358 1519 408 1588 ότι
423 1531 497 1589 ίσον
512 1524 578 1590 ἐστί
595 1520 703 1589 πολλά
717 1545 753 1587 τε
764 1523 819 1588 καὶ
830 1517 926 1606 ὀλίγα
936 1523 1056 1607 λέγειν
1067 1523 1138 1606 περὶ

129 1617 305 1685 ἀποπλόου
315 1625 376 1686 τοῦ
388 1628 549 1689 ἐνθεῦτεν
555 1626 866 1706 Πελοποννησίοισι.
879 1617 944 1706 ἐγοδ
953 1617 1026 1707 ’γάρ
1039 1619 1137 1690 αὐτό-

129 1742 279 1803 πτηςποι
293 1722 379 1806 λέγω
392 1720 591 1807 γενόμενος,
608 1717 659 1789 ὅτι
675 1726 742 1787 νῦν
756 1715 831 1786 οὐδ’
847 1714 891 1806 ήν
908 1720 1058 1790 ἐθέλωσι
1073 1729 1138 1790 Ko-

130 1823 260 1900 ρίνθιοί
270 1843 305 1885 τε
321 1821 376 1885 καὶ
391 1816 492 1899 αὐτὸς
502 1816 718 1906 Εὐρυβιάδης
729 1812 843 1886 οἷοίτε
859 1821 993 1885 ἐσονται
1007 1819 1136 1887 έκπλά-

130 1934 202 1982 σαι·
226 1915 450 2003 περιεχόμεθα
464 1944 529 2004 γαρ
550 1914 701 1984 ὑπάτων
717 1910 886 2000 πολεμίων
906 1913 1034 2006 κόκλφ.
1067 1910 1135 1984 ἀλλ’

81 2028 116 2081 80
131 2015 281 2082 ἐσελθών
302 2036 363 2101 σφι
383 2022 487 2084 ταῦτα
510 2014 671 2103 σήμηνον.
708 2008 745 2081 ‘0
768 2009 799 2080 δ’
824 2009 978 2100 ἀμείβετο
995 2016 1135 2081 τοισίδε·

129 2112 245 2196 Κάρτα
265 2139 301 2180 τε
316 2109 440 2199 χρηστά
462 2112 670 2181 διακελεύεαι
684 2113 740 2178 καὶ
756 2102 796 2178 εά
814 2107 979 2196 ἤγγειλας.
1014 2109 1060 2180 τά
1078 2107 1136 2199 γάρ

129 2207 194 2294 ε’γά
207 2209 348 2296 ἐδεόμην
357 2213 528 2297 γενέσθαι,
544 2205 645 2288 αὐτός
660 2205 827 2295 αὐτόπτης
840 2207 1025 2293 γενόμενος
1037 2208 1133 2296 ἥκεις.

129 2317 202 2376 ίσθι
219 2306 283 2396 γάρ
305 2311 338 2388 ἐξ
354 2311 428 2396 ἐμέο
445 2306 484 2376 τά
506 2308 690 2394 ποιεόμενα
710 2304 776 2376 ὑπό
792 2307 934 2393 Μήδων.
967 2312 1044 2377 ἐδεε
1064 2306 1136 2396 γάρ,

130 2407 185 2476 ὅτε
200 2406 263 2476 οὐκ
276 2406 408 2488 ἐκόντες
424 2406 551 2496 ἤθελον
565 2412 598 2488 ἐς
612 2409 722 2497 μάχην
738 2414 957 2477 κατίστασθαι
973 2411 1009 2476 οί
1019 2407 1136 2495 Ἕλλη

129 2531 195 2591 νες,
211 2502 370 2586 ἀέκοντας
380 2509 667 2597 παραστήσασθαι.
691 2506 735 2577 σδ
748 2510 784 2576 δέ
800 2508 934 2592 ἐπείπερ
951 2505 1049 2593 ήκεις
1058 2534 1137 2597 χρη-

130 2600 190 2669 στά
206 2600 435 2693 ἀπαγγέλλων,
450 2604 550 2686 αὐτός
566 2627 626 2693 σφι
641 2605 808 2693 ἀγγειλον.
832 2600 877 2692 ήν
890 2603 956 2692 γάρ
972 2603 1042 2692 by&
1055 2603 1136 2676 αὐτά

128 2704 231 2786 λέγω,
257 2699 343 2781 δόξω
359 2703 488 2783 πλάσας
501 2709 612 2791 λέγειν
626 2707 682 2772 καὶ
702 2703 744 2773 οό
758 2711 862 2774 πείσω
877 2700 921 2783 ὡς
937 2701 979 2772 οό
995 2706 1137 2776 ποιεόν-

129 2823 199 2864 των
209 2804 277 2865 των
287 2802 471 2888 βαρβάρων
480 2809 593 2872 ταῦτα.
608 2800 692 2872 ἀλλά
703 2825 764 2890 σφι
776 2804 927 2890 σήμηνον
938 2801 1044 2885 αὐτὸς
1055 2830 1138 2892 παρ·

130 2892 260 2983 ελθάν,
282 2894 326 2976 ὡς
341 2905 415 2984 ἔχει.
436 2899 539 2969 ἐπεάν
554 2904 590 2970 δέ
610 2903 777 2991 σημήνης,
796 2897 842 2988 ήν
862 2901 924 2986 μὲν
940 2908 1138 2989 πείθωνται,

130 3005 232 3065 ταῦτα
247 2996 288 3086 δή
304 2996 345 3067 τά
360 3001 534 3090 κάλλιστα,
555 2999 599 3091 ήν
620 3007 657 3072 δὲ
671 3001 799 3071 αότοίσι
814 2998 858 3089 μή
875 2999 975 3071 πιστά
989 3007 1138 3092 γένηται,

129 3093 247 3181 ὁμοῖον
260 3095 341 3186 ἡμῖν
357 3106 456 3172 ἔσται.
485 3100 528 3170 οά
543 3101 610 3192 γάρ
626 3110 674 3173 ἔτι
688 3103 936 3191 διαδρήσονται,
961 3112 1059 3195 εἴπερ
1081 3130 1136 3175 πε

79 3207 112 3262 81
132 3195 314 3282 ριεχόμεθα
329 3201 555 3288 πανταχόθεν,
571 3202 615 3283 ὡς
626 3199 670 3271 σύ
680 3205 794 3286 λέγεις.
821 3209 934 3269 Ταῦτα
944 3206 1040 3289 ἔλεγε
1054 3229 1139 3292 παρ-

129 3292 243 3364 ελθάν
264 3293 513 3385 δἈριστείδης,
536 3299 687 3387 φάμενος
707 3303 740 3381 ἐξ
760 3306 901 3387 Αἰγίνης
920 3325 956 3367 τε
972 3297 1073 3387 ήκειν
1087 3303 1139 3370 καί

125 3391 227 3478 μόγις
241 3395 407 3464 ἐκπλῶσαι
426 3394 546 3466 λαθοδν
560 3396 639 3476 τούς
659 3401 897 3484 ἐπορμέοντας·
925 3401 1138 3484 περιέχεσθαι
