2378 3840
119 205 161 266 86
496 204 744 295 HERQDOT!

119 372 186 433 τῶν
200 371 379 452 κειμηλίων
393 371 461 431 τῶν
472 361 668 448 Ἀρίστωνος
679 359 858 447 δ’Ἀγητος,
876 365 931 428 καὶ
946 359 1047 439 αὐτος
1062 359 1122 448 την

118 460 239 549 ὁμοίην
256 464 378 548 ζητέων
394 463 559 547 φέρεσθαι
579 458 657 546 παρ’
675 461 821 543 ἐκείνου,
841 461 989 527 ένθαῦτα
1005 456 1047 546 δὴ
1063 466 1123 526 τοί·

117 565 250 646 ἑταίρου
260 557 322 646 τὴν
331 573 475 646 γυναῖκα
486 560 637 645 ἐπειρᾶτο
650 553 849 644 άπάγεσθαι.
868 555 885 624 ὁ
899 560 935 625 δὲ
944 555 1033 643 πλὴν
1044 556 1124 624 κου’-

116 685 177 726 του
189 657 321 743 μούνου
332 654 372 724 τίι
381 655 465 724 άλλα
478 661 542 741 έῳη
553 655 752 722 καταινέσαι.
765 652 1032 742 ἀναγκαζόμενος
1043 661 1124 742 μέν·

116 781 168 823 τοι
181 763 227 845 τῳ
242 780 278 822 τε
293 753 383 846 ὅρκῳ
398 757 524 840 καὶτῆς
539 749 666 839 άπάτης
679 759 719 842 τῇ
730 760 913 841 παραγωγῇ
928 751 1019 821 άπίει
1036 750 1123 820 άπά-

69 869 103 925 63
117 864 248 939 γεσθαι.
289 852 388 922 Οὕτω
402 851 464 940 μὲν
484 848 524 938 δὴ
539 848 602 938 τὴν
616 857 730 938 τρίτην
752 851 929 938 ἐσηγάγετο
946 865 1090 936 γυναῖκα
1105 848 1122 917 ό

113 947 289 1038 Ἀρίστων,
305 948 368 1037 τὴν
383 951 543 1034 δευτέρην
554 946 852 1035 ἀποπεμψάμενος,
871 950 908 1016 έν
923 951 963 1015 δέ
971 952 1005 1015 οί
1012 949 1122 1036 χρόνῳ

117 1047 274 1115 ἐλάσσονι
284 1049 340 1117 καί
347 1046 389 1115 οὐ
400 1047 604 1134 πληρώσασα
613 1043 693 1126 τούς
703 1048 783 1114 δέκα
794 1044 929 1135 μηναςὴ
942 1044 1029 1133 γυνη
1039 1045 1122 1132 αὕτη

116 1151 218 1212 τίκτει
229 1152 349 1212 τοῦτον
360 1144 400 1232 δὴ
415 1142 476 1212 τόν
486 1143 700 1231 Δημάρητον.
713 1151 839 1224 7ιιαίτίς
848 1151 957 1213 σίτων
970 1147 1116 1213 οἰκετέων

117 1248 153 1314 έν
168 1237 272 1336 θιάκῳ
286 1248 459 1336 κατημένῳ
475 1242 556 1332 μετά
571 1251 638 1312 τῶν
656 1245 791 1332 ἐφόρων
806 1247 1009 1332 ἐξαγγέλλει,
1034 1243 1077 1323 ὥς
1092 1261 1121 1313 oi

116 1361 192 1425 παῖς
207 1349 333 1433 γέγονε.
356 1343 374 1414 ὁ
387 1346 423 1413 δὲ
436 1343 652 1431 ἐπιστάμενός
661 1371 698 1413 τε
708 1344 768 1412 τόν
778 1345 912 1431 χρόνον,
925 1352 970 1436 τῷ
981 1343 1122 1431 ἠγάγετο

116 1442 178 1532 τὴν
188 1460 349 1531 γυναῖκα,
367 1448 422 1514 καί
435 1446 488 1513 έπί
497 1447 672 1514 δακτύλων
686 1443 960 1533 συμβαλλόμενος
969 1441 1049 1522 τούς
1061 1451 1122 1530 μη-

116 1568 177 1620 νας
188 1540 258 1609 εἰπε
269 1539 455 1629 άπομόσας·
477 1540 551 1610 Οὐκ
564 1539 608 1609 άν
618 1541 696 1629 έμὸς
706 1551 773 1629 εἰη·
788 1551 886 1611 τοῦτο
898 1541 1050 1630 ἥκουσαν
1063 1543 1124 1628 μὲν

117 1646 150 1709 οί
165 1647 300 1728 ἔφοροι,
324 1649 459 1729 πρῆγμα
479 1643 593 1727 μέντοι
607 1638 707 1710 οὐδέν
723 1642 921 1730 ἐποιήσαντο
938 1639 976 1710 τό
991 1667 1124 1725 παραυ-

116 1744 203 1806 τίκα·
226 1735 295 1805 ὁδε
315 1753 392 1818 παῖς
407 1738 542 1827 αὔξετο,
566 1743 622 1809 καὶ
638 1747 684 1832 τῳ
700 1738 872 1824 Ἀρίστωνι
889 1737 926 1807 τό
947 1743 1124 1826 εἰρημένον

116 1837 285 1923 μετέμελε·
303 1842 417 1906 ’παῖδα
436 1836 503 1926 γάρ
523 1836 584 1906 τὸν
598 1839 803 1925 Δημάρητον
824 1841 858 1917 ές
877 1837 918 1906 τά
933 1839 1078 1926 μάλιστά
1093 1842 1125 1906 οἰ

117 1932 251 2019 ένόμισε
269 1933 362 2003 εἶναι.
411 1937 619 2024 Δημάρητον
634 1935 670 2002 δὲ
690 1933 780 2024 αὐτῷ
802 1934 931 2023 οὕνομα
952 1943 1049 2006 ἔθετο
1069 1934 1123 2005 διά

116 2031 210 2099 τάδε·
225 2033 391 2118 πρότερον
401 2035 533 2101 τούτων
545 2037 709 2120 πανδημεὶ
720 2041 929 2121 Σπαρτιῆται
939 2033 1122 2119 Ἀρίστωνι,

117 2126 161 2207 ὡς
178 2126 276 2215 άνδρί
291 2129 519 2218 εὐδοκιμέοντι
530 2130 584 2199 διά
596 2133 734 2215 πάντων
744 2130 865 2219 δὴτῶν
879 2137 1045 2220 βασιλέων
1056 2140 1123 2200 τῶν

116 2230 153 2294 έν
186 2225 323 2316 Σπάρτη
347 2229 553 2314 γενομένων,
579 2222 665 2314 άρὴν
697 2229 895 2316 ἐποιήσαντο
911 2237 1014 2300 παῖδα
1028 2236 1120 2318 γενέ·

116 2336 212 2394 σθαι·
241 2325 296 2394 διά
324 2335 422 2395 τοῦτο
444 2328 506 2415 μέν
529 2335 564 2398 οἰ
582 2327 619 2396 τό
638 2328 766 2413 οὕνομα
788 2330 988 2416 Δημάρητος
1013 2335 1120 2419 ἐτέθη.

65 2443 100 2499 64
115 2426 253 2511 Χρόνου
265 2427 301 2496 δέ
315 2429 491 2515 προϊόντος
503 2426 660 2513 Ἀρίστωυ
674 2429 735 2514 μὲν
747 2426 909 2514 άπέθανε,
921 2429 1124 2517 Δημάρητος

117 2527 153 2594 δὲ
169 2532 242 2614 έσχε
253 2525 317 2614 την
327 2536 512 2615 βασιληίην.
536 2533 605 2596 ἔδεε
616 2528 663 2613 δέ,
680 2524 726 2606 ὡς
738 2524 818 2614 οἶκε,
834 2524 1011 2597 ἀνάπυστα
1024 2532 1123 2616 γενό-

116 2654 200 2714 μενα
212 2634 314 2694 ταῦτα
327 2635 535 2696 καταπαῦσαι
547 2629 753 2714 Δημάρητον
765 2633 823 2711 τῆς
835 2634 1025 2714 βασιληίης,
1043 2627 1089 2697 δι’
1101 2624 1120 2693 ἃ

116 2729 299 2812 Κλεομένει
313 2727 474 2812 διεβλήθη
492 2726 643 2812 μεγάλως
657 2724 824 2811 πρότερόν
838 2751 872 2791 τε
887 2722 905 2793 ὁ
921 2726 1120 2813 Δημάρητος

115 2820 300 2908 ἀπαγαγών
309 2821 371 2908 την
384 2821 543 2909 στρατιὴν
553 2826 585 2904 έξ
597 2822 783 2901 Ἐλευσῖνος
797 2826 852 2892 καὶ
864 2820 904 2910 δη
919 2825 974 2892 καί
983 2823 1059 2893 τότε
1071 2828 1109 2892 έπ

66 2935 98 2988 6ο
116 2925 323 3006 Αἰγινητέων
333 2917 412 2999 τούς
422 2926 624 3008 μηδίσαντας
635 2921 1036 3010 διαβάντοςΚλεομέυεος.
1047 2919 1119 3004 Ὁρ-

115 3025 236 3108 μηθείς
249 3013 298 3086 τόν
313 3017 537 3090 άποτίνυσθαι
552 3020 569 3089 ὁ
584 3024 775 3108 Κλεομένης
787 3027 981 3088 συντίθεται
992 3029 1120 3088 Δευτν·

115 3125 190 3208 χίδη
204 3127 249 3210 τῳ
263 3121 438 3204 Μενάρεος
451 3123 640 3210 ποῦ’Ἁγιος,
653 3123 742 3196 έάντι
753 3129 858 3209 οἰκίης
868 3129 926 3210 τῆς
937 3119 1042 3210 αὐτῆς
1051 3134 1121 3208 Δη·

115 3221 261 3312 μαρήτῳ,
279 3219 331 3290 ἐπ’
345 3213 427 3314 ᾧτε,
442 3219 487 3310 ἢν
498 3222 602 3292 αὐτόν
616 3223 805 3312 καταστήση
816 3226 953 3310 βασιλέα
965 3220 1041 3291 ἀντὶ
1050 3231 1119 3339 Δη·

115 3317 284 3405 μαρητου,
308 3323 424 3400 ἕψεταί
435 3325 469 3387 οἰ
481 3316 534 3387 ἐπ’
553 3320 742 3407 Αἰγινήτας.
774 3315 847 3385 ὅδὲ
866 3323 1068 3403 Δευτυχίδης
1081 3341 1120 3402 ην

114 3415 236 3504 ἐχθρός
247 3425 295 3508 τῳ
306 3416 496 3517 Δημαρήτῳ
511 3420 652 3506 μάλιστα
665 3415 813 3506 γεγονός
830 3415 885 3485 διά
900 3424 1038 3504 πρῆγμα
1052 3439 1116 3482 τοι-
