2378 3840
118 150 160 214 42
536 153 774 211 ΗΕΙΙΟΒΟΤΙ

117 324 276 410 ἐμπόδιον
291 327 431 410 ἐγένετο.
458 325 645 412 πυθόμενοι
658 321 722 410 γάρ
732 326 767 391 οί
773 320 1028 408 Λακεδαιμόνιοι
1041 319 1082 388 τά
1094 323 1128 388 ἐκ

116 429 185 492 τῶν
201 423 485 513 Ἀλκμαιωνιδέων
504 428 537 505 ἐς
560 423 622 511 τήν
641 431 781 510 Πυθίην
798 423 1056 546 μεμηχανημένα
1073 422 1129 489 καὶ

115 554 155 593 τα
145 525 264 594 ἐκ
224 555 282 614 της
297 530 468 612 Πυθίης’
452 553 506 594 επι
495 528 624 613 σφέας
637 550 674 593 τε
687 525 743 592 καὶ
760 523 840 602 τούς
855 526 1129 611 Πεισιστρατίδας

46 679 48 683 -
115 625 297 714 συμφορήν
311 630 483 696 ἐποιεῦντο
502 623 694 712 διπλόην,”
675 654 725 693 οτι
737 652 773 693 τε
786 623 911 752 ἀνδρας
927 626 1057 704 ξείνους
1072 644 1130 745 σφι

117 727 232 807 ἐόντας
247 727 515 814 ἐξεληλάκεσαν’
498 755 534 796 εκ
546 736 605 818 τής
621 729 771 812 ἐκείνων,
784 725 841 792 καὶ
854 721 903 792 ότι
912 728 1018 792 ταῦτα
1031 713 1131 810 ποιή-

117 847 193 895 σασι
210 827 305 949 χάρις
330 825 514 954 066666'
497 841 652 917 εφαίνετο
676 825 759 914 πρός
781 821 981 912 Ἀθηναίων.
1024 829 1074 892 ἐτι
1097 851 1131 892 τε

114 926 197 1015 πρός
215 929 358 997 τούτοισι
376 929 498 1016 ἐνήγόν
516 950 620 1019 σφεας
638 932 673 997 οί
692 926 833 1014 χρησμοὶ
852 927 1004 1010 λέγοντες
1023 908 1130 993 πολλά

115 1055 150 1096 τε
164 1028 220 1096 καὶ
234 1026 375 1118 ἀνάρσια
396 1037 531 1100 ἔσεσθαι
544 1027 675 1100 αάτοῖσι
693 1030 725 1110 ἐξ
740 1025 943 1113 Ἀθηναίων,
960 1029 1032 1093 τοῖν
1045 1024 1126 1113 πρό·

115 1155 212 1216 τερον
229 1129 291 1216 μὲν
309 1122 397 1216 ήσαν
416 1130 545 1221 ἀδαέες,
563 1133 636 1201 τότε
655 1129 692 1198 δὲ
706 1129 912 1251 Κλερμένεος
930 1132 1127 1212 κομίσαντος

117 1231 150 1308 ἐς
164 1228 324 1317 Σπάρτην
340 1230 513 1319 ἐξέμαθον
550 1234 707 1319 ἐκτήσατο
721 1229 759 1298 δε
776 1255 794 1296 ο
784 1224 1000 1314 Κλεομένης
1021 1228 1112 1293 ἐκ
1075 1251 1130 1311 της

111 1326 304 1455 Ἀθηναίην
322 1328 520 1418 ἀκροπόλιος
544 1331 624 1412 τούς
648 1329 834 1421 χρησμούς,
859 1324 939 1407 τούς
956 1327 1132 1394 κεκτέαντο

115 1457 178 1515 μεν
212 1431 376 1519 πρότερον
410 1437 445 1500 06
477 1437 760 1521 Πεισιστρατίδαι,
802 1427 1061 1514 ἐξελαυνόμενοι
1097 1426 1132 1494 δε

116 1536 230 1598 ἐλιπον
261 1532 298 1597 ἐν
327 1535 373 1622 τῷ
405 1537 484 1622 6666,
515 1532 796 1621 καταλειφθέντας
828 1523 908 1597 66‘
892 1556 909 1597 ο
940 1527 1131 1649 Κλεομένης

64 1645 96 1696 61
115 1627 266 1716 ἀνέλαβε.
314 1607 396 1700 Τότε
414 1635 500 1701 δὲ’
477 1660 522 1712 ως
541 1632 705 1720 ἀνέλαβον
728 1658 760 1700 οι
753 1628 1037 1717 Λακεδαιμόνιοι
1055 1625 1132 1706 τούς

116 1728 285 1819 χρησμοός
319 1733 375 1799 καλ
414 1733 494 1813 τούς
534 1731 734 1820 Ἀθηναίους
777 1727 883 1818 ἀρεου
925 1724 1132 1851 ου’ξομένοης

116 1831 171 1897 καὶ
203 1829 412 1919 οὐδαμῶς
395 1841 545 1921 ετοίμους
581 1835 696 1914 ἐόντας
731 1828 916 1903 πείθεσθαί
948 1852 1029 1953 ρφι,
1066 1827 1132 1920 νόφ

117 1930 326 2019 λαβόντες
302 1960 346 2013 ως
372 1934 552 2024 ελεάθερον
568 1936 632 2023 μὲν
659 1934 716 2003 ἐόν
739 1932 776 2002 τό
801 1934 898 2018 γένος
922 1929 960 1999 τό
982 1926 1130 1998 Ἀττικόν

115 2032 299 2121 ἰσόρροπον
330 2040 376 2123 τῷ
409 2037 544 2104 ἑαυτῶν
573 2043 717 2122 γίνοιτο,
746 2031 969 2121 κατεχόμενον
1000 2029 1039 2098 66
1065 2026 1131 2098 ὑπό

115 2139 317 2221 τυραννίδος
341 2131 483 2215 ἀσθενὲς
513 2137 569 2204 καὶ
593 2136 851 2224 πειθαρχέεσθαι
884 2135 1030 2218 ἑτοῖμον·
1068 2157 1130 2217 μα-

116 2232 237 2314 θόντες
264 2233 302 2303 δὲ
327 2235 455 2304 τούτων
487 2239 609 2306 ἕκαστα
638 2238 885 2324 μετεπέμποντο
908 2227 1044 2318 Ἱππίην
1075 2227 1130 2299 τόν

118 2333 360 2424 Πεισιστράτου
379 2333 444 2404 ἀπὸ
464 2344 600 2422 Σιγείου
618 2340 677 2406 τοῦ
697 2339 733 2404 ἐν
747 2334 987 2425 Ἑλλησπόντῳ.
1025 2334 1128 2400 ἐπείτε

117 2437 159 2502 δέ
198 2457 258 2523 σφι
296 2432 427 2522 Ἱππίης
469 2438 668 2525 καλεόμενος
710 2429 792 2524 ήκε,
842 2432 1127 2524 μεταπεμψάμενοι
1171 2512 1173 2519 Ι

117 2536 262 2604 καὶτῶν
280 2535 395 2606 ἀλλων
412 2538 598 2626 συμμάχων
617 2536 781 2625 ἀγγέλους
799 2537 915 2623 ἔλεγόν
933 2556 993 2621 σφι
1012 2543 1126 2624 Σπαρ-

117 2642 224 2723 τιήται
241 2637 337 2706 τάδε·
349 2636 490 2728 ’Ἄνδρες
510 2639 689 2729 σύμμαχοι,
709 2640 983 2729 συγγινώσκομεν
1002 2634 1127 2708 αὐτοῖσι

117 2736 199 2826 ήμϊν
218 2733 260 2807 ου’
285 2739 441 2826 ποιήσασι
464 2737 592 2829 όρθως
620 2745 838 2831 ἐπαερθέντες
863 2742 929 2830 γάρ
947 2740 1125 2828 κιβδήλοισι
1156 2732 1173 2767 ”

116 2868 139 2904 ι
119 2847 305 2927 τντηιόισι
322 2839 450 2929 ἀνδρας
468 2845 521 2925 ξεί
488 2869 599 2927 ενους
625 2840 775 2928 ἐόντας
756 2858 837 2974 ημῑη
854 2843 894 2916 τά
918 2841 1060 2935 μάλιστα
1077 2839 1125 2966 κηί

116 2921 387 3032 ἀναδεκομένους
404 2940 598 3043 ὑποχειρίας
616 2946 830 3043 παρέξειν
792 2982 851 3035 τας
866 2947 1029 3040 Ἀθήνας,
1052 2975 1124 3016 του

117 3067 196 3134 ’τους
216 3053 309 3123 ἐκ
269 3082 326 3142 της
341 3054 499 3142 πατρίδος
520 3055 736 3144 ἐξηλάσαμεν,
755 3057 810 3123 καὶ
825 3063 951 3124 ἔπειτεν
969 3050 1125 3170 ποιήσαη-

119 3183 172 3235 τες
190 3157 295 3223 ταῦτα
314 3149 445 3277 δήμφ’
425 3161 593 3249 αχαρίστφ
616 3157 859 3247 παρεδώκαμεν
881 3154 944 3281 τήη
962 3150 1078 3236 πόλιν,
1094 3145 1125 3226 δέ

120 3257 227 3322 ἐπείτε
246 3250 330 3322 66'‘
311 3256 414 3343 ημέας
434 3257 713 3347 ἐλευθερωθελς’
694 3260 855 3342 αυέκνψε,
873 3253 976 3343 ἡμέας
994 3253 1058 3340 μέν
1076 3275 1125 3318 καί

120 3353 181 3422 τόν
193 3354 361 3440 βασιλέα’
338 3361 454 3479 ημέων
464 3361 710 3450 περιυβρίσαςέ
710 3359 836 3445 ξέβαλε,
855 3355 957 3438 δόξαν
973 3351 1127 3440 δέφάσας

121 3451 355 3544 αόξάνεται,’
329 3481 412 3528 ωστε
431 3459 677 3548 ἐκμεμαθήκασι
688 3459 831 3550 μάλιστα
849 3457 911 3545 μὲν
925 3461 960 3526 οί
972 3481 1040 3542 περ.
1043 3460 1128 3522 ὀικνί
