2378 3840
312 212 395 268 ιιο.
424 211 482 266 vn.
516 210 614 268 οΑΡ.
648 217 844 274 ιον-ιω.
1010 209 1070 276 181

106 374 184 438 Τόν
201 368 312 438 ἀλλων
328 365 393 454 γάρ
406 365 654 455 ἁλισκομένων,
670 367 732 438 ὅσα
744 375 917 459 Κέκροπος
929 365 1031 459 ούρος

101 464 211 547 Ἐντὸς
228 473 292 554 ἔχει
307 467 470 555 κενθμιόν
484 492 520 535 τε
533 474 749 555 Κιθαιρῶνος
763 474 913 560 ζαθέοιο,

106 572 219 652 Τεῖχος
238 572 431 652 Τριτογενεῖ
442 564 580 644 ξύλινον
596 568 683 633 διδοῖ
697 562 847 650 εὐρύοπα
860 566 946 648 Ζεύς

101 671 249 733 Μοθνον
264 661 463 750 ἀπόρθητον
476 663 645 749 τελέθειν,
659 658 695 729 τὸ
712 662 749 730 σὲ
763 663 863 732 τέκνα
876 664 908 734 τ’
925 664 1048 757 ὀνήσει.

102 763 202 849 Μηδδ
219 759 310 848 σύγ’
330 761 524 847 ἱπποσύνην
538 786 574 829 τε
588 764 702 846 μένειν
717 763 772 829 καὶ
786 760 887 844 πεζόν
903 764 999 834 ίόντα

102 857 238 929 Πολλόν
249 855 308 927 ἀπ’
321 856 463 945 ἠπείρου
475 854 620 945 στρατόν
630 856 763 944 ἥσυχος,
771 855 845 928 ἀλλ’
858 858 1046 952 ὑποχωρεῖν

102 966 224 1028 Νότον
242 960 456 1046 ἐπιστρέψας·
480 961 528 1025 έτι
544 960 599 1024 τοί
610 979 690 1023 ποτε
706 952 839 1036 κάντίος
855 964 942 1049 ἔσση.

97 1053 138 1127 Ὦ
152 1063 230 1145 θείη
244 1062 412 1141 Σαλαμίς,
427 1051 563 1133 ἀπολεῖς
577 1054 614 1121 δὲ
629 1049 672 1120 σύ
687 1056 787 1120 τέκνα
801 1067 974 1141 γυναικῶν

91 1158 142 1226 Ἤ
151 1181 218 1225 που
234 1156 457 1242 σκιδναμένης
470 1153 668 1242 Δημήτερος
682 1148 704 1239 ἦ
719 1153 910 1244 συνιούσης.

149 1256 263 1325 Ταῦτά
277 1274 339 1342 σφι
353 1252 523 1342 ἦπιοότερα
537 1251 603 1342 γάρ
618 1259 687 1321 τῶν
702 1255 875 1342 προτέρων
890 1259 945 1325 καὶ
959 1251 1003 1346 ἧν
1018 1261 1073 1328 καὶ
1088 1277 1139 1331 149

60 1358 174 1427 ἐδόκεε
186 1354 286 1442 εἶναι,
303 1357 578 1443 συγγραψάμενοι
590 1351 844 1423 ἀπαλλάσσοντο
857 1358 891 1434 ἐς
901 1355 960 1436 τάς
972 1357 1073 1447 Ἀθή-

58 1483 128 1536 νας.
153 1453 197 1534 ἀς
213 1457 249 1523 δὲ
263 1450 470 1532 ἀπελθόντες
485 1458 520 1521 οῖ
533 1451 723 1538 θεοπρόποι
738 1449 950 1539 ἀπήγγελλον
964 1457 997 1534 ἐς
1011 1454 1073 1525 τόν

59 1561 181 1642 δῆμον,
203 1559 335 1639 γνῶμαι
349 1555 406 1620 καὶ
419 1549 518 1620 ἀλλαι
536 1551 656 1618 πολλαὶ
672 1553 822 1635 ἐγίνοντο
836 1553 1020 1638 διζημένων
1034 1549 1070 1621 τό

58 1651 221 1737 μαντήιον
241 1649 298 1716 καί
311 1651 386 1715 αἵδε
401 1660 640 1732 συνεστηκυῖαι
655 1646 814 1732 μάλιστα·
840 1655 909 1716 τῶν
924 1657 1074 1737 πρεσβυ-

57 1753 164 1833 τέρων
175 1752 292 1832 ἔλεγον
302 1746 505 1831 μετεξέτεροι
517 1743 647 1810 δοκέειν
659 1761 720 1829 σφι
730 1741 791 1811 τόν
801 1741 888 1812 θεόν
895 1744 958 1832 τὴν
968 1744 1072 1832 ἀκρό-

58 1854 159 1914 πολιν
179 1850 299 1932 χρῆσαι
318 1843 550 1931 περιέσεσθαι·
578 1837 686 1927 ἡγάρ
707 1837 890 1927 ἀκρόπολις
909 1841 946 1910 τό
968 1844 1071 1912 πάλαι

57 1952 126 2014 τῶν
137 1942 309 2028 Ἀθηνέων
323 1944 412 2031 ῥηχῷ
428 1941 625 2026 ἐπέφρακτο.
643 1943 677 2007 οί
685 1938 748 2025 μέν
759 1936 799 2025 δη
812 1937 896 2007 κατά
910 1938 971 2007 τόν
983 1966 1072 2028 φρα-

56 2040 144 2132 γμὸν
158 2039 406 2130 συνεβάλλοντο
421 2043 522 2107 τοῦτο
542 2034 579 2105 τό
596 2037 734 2118 ξύλινον
748 2050 854 2123 τεῖχος
869 2034 972 2123 εἶναι,
991 2043 1025 2106 οῖ
1037 2041 1069 2104 δ’

57 2134 103 2209 αὖ
113 2147 229 2226 ἔλεγον
240 2136 299 2219 τάς
309 2141 387 2216 νέας
399 2142 575 2224 σημαίνειν
589 2132 759 2221 τὸνθεόν,
776 2137 832 2204 καὶ
846 2134 968 2215 ταύτας
985 2161 1073 2223 παρ-

43 2240 236 2322 αρτέεσθαι
254 2237 412 2332 ἐκέλευον
432 2231 473 2303 τά
495 2232 580 2303 ἀλλα
604 2230 756 2312 ἀπέντας.
784 2231 864 2311 τούς
885 2225 934 2302 ἀν
956 2231 996 2318 δὴ
1013 2232 1073 2314 τὰς

57 2339 135 2413 νέας
152 2335 310 2420 λέγοντας
321 2330 407 2399 εἶναι
422 2328 459 2399 τὸ
473 2332 612 2411 ξύλινον
622 2346 728 2418 τεῖχος
743 2336 887 2418 ἔσφαλλε
901 2328 941 2398 τά
957 2332 1019 2398 δύο
1030 2328 1071 2398 τά

57 2441 229 2500 τελευταῖα
243 2431 391 2517 ρηθέντα
405 2425 472 2496 ὑπὸ
488 2436 546 2514 τῆς
560 2435 713 2516 Πυθίης,

102 2523 141 2594 Ὦ
154 2534 232 2613 θείη
248 2527 415 2610 Σαλαμὶς,
432 2522 566 2603 ἀπολεῖς
582 2525 619 2593 δέ
635 2525 678 2593 σύ
692 2527 792 2594 τέκνα
808 2533 980 2611 γυναικῶν

97 2626 146 2692 Ἤ
155 2647 222 2692 που
240 2623 462 2708 σκιδναμένης
476 2623 673 2709 Δημήτερος
687 2618 709 2707 η’
727 2622 918 2708 συνιούσης.

58 2719 141 2794 κατὰ
159 2727 263 2788 ταῦτα
278 2716 319 2786 τά
335 2724 414 2786 ἔπεα
426 2723 623 2804 συνεχέοντο
635 2724 672 2787 αί
682 2726 813 2806 γνῶμαι
826 2727 894 2788 τῶν
908 2724 1070 2808 φαμένων

56 2822 115 2900 τάς
136 2822 214 2896 νέας
236 2814 275 2886 τό
297 2816 436 2898 ξύλινον
457 2831 562 2905 τεῖχος
583 2815 676 2887 εἶναι.
711 2825 746 2888 οί
759 2817 824 2908 γάρ
844 2821 1069 2908 χρησμολόγοι

56 2919 161 3008 ταύτῃ
176 2922 281 2985 ταῦτα
299 2915 508 3003 ἐλάμβανον,
531 2912 576 2995 άις
589 2913 675 3004 ἀμφὶ
687 2927 865 3004 Σαλαμῖνα
891 2920 945 2985 δεῖ
965 2919 1069 3004 σφέας

58 3022 248 3104 ἑσσωθῆναι
254 3020 443 3102 ναυμαχίην
452 3020 821 3104 παρασκευασαμένους.
832 3010 894 3083 Ἦν
903 3018 939 3086 δέ
946 3024 1014 3084 τόν
1022 3042 1072 3096 τις
1087 3036 1139 3092 143

55 3117 243 3202 Ἀθηναίων
257 3113 343 3203 ἀνὴρ
361 3119 394 3194 ές
408 3115 564 3203 κρότους
578 3121 695 3187 νεωστὶ
711 3113 859 3204 παριοδν,
877 3123 923 3207 τῷ
940 3114 1069 3202 ούνομα

57 3216 119 3301 μὲν
132 3206 177 3299 ἦν
189 3217 444 3300 Θεμιστοκλέης,
462 3227 539 3292 παῖς
556 3214 593 3281 δέ
603 3218 772 3294 Νεοκλέος
786 3211 946 3282 ἐκαλέετο.
971 3206 1069 3293 οὗτος

58 3312 150 3401 ὡνὴρ
171 3309 233 3382 ούκ
251 3319 314 3400 ἔφη
331 3320 400 3382 πᾶν
417 3311 530 3402 ὀρθῶς
549 3311 629 3394 τούς
646 3313 897 3402 χρησμολόγους
916 3312 1070 3401 συμβάλ-

59 3421 194 3498 λεσθαι,
212 3409 321 3497 λέγων
335 3410 466 3498 τοιάδε,
486 3417 515 3480 εί
528 3414 561 3491 ές
572 3408 775 3499 Ἀθηναίους
796 3409 859 3498 εἶχε
873 3407 910 3479 τό
927 3416 1006 3488 έπος
1020 3411 1069 3478 τέ-

960 3668 963 3672 A
1019 3514 1120 3620 Ι
