2378 3840
305 199 391 255 LIB.
424 197 471 252 lx
505 194 604 252 CAP.
636 199 810 257 104—108.
998 187 1062 250 339

57 367 158 428 κίοισι
171 360 340 446 ἐμμενέειν
351 380 386 421 τε
397 355 452 421 καὶ
464 350 509 437 μή
521 348 778 435 ἀποστήσεσθαι.
799 340 939 426 τούτους
951 348 1060 417 δέκα

57 456 256 544 ταλαβόντες
271 451 414 540 ὁρκίοισι
430 455 559 518 ἔπλωον
572 444 631 524 τάς
650 446 799 532 γεφύρας
816 446 989 523 λύσοντες
1013 450 1060 512 ἔτι

56 553 122 640 γάρ
142 552 278 621 έδόκεον
300 549 515 633 ἐντεταμένας
536 542 702 630 εὑρήσειν.
739 534 841 610 Οὗτοι
863 541 925 626 μὲν
946 537 986 626 δή
1007 536 1059 607 ἐπ’
1081 557 1127 615 107

51 648 298 768 Ἑλλησπόντου
315 651 462 727 ἔπλωον,
477 648 544 710 τῶν
562 637 632 708 δέ’
613 639 862 724 αποφνγόντων
878 636 1060 724 βαρβάρων

57 751 89 828 ἐς
109 746 150 815 τά
165 743 251 830 άκρα
268 768 303 810 τε
320 748 376 827 τής
391 738 558 823 Μυκάλης
575 741 856 822 κατειληθέντων,
878 730 1057 801 έόντων’
1019 759 1060 800 ου

57 850 202 926 πολλων,
218 842 343 926 έγίνετο
350 833 474 957 κομιδή
487 837 520 912 ές
529 835 667 919 Σάρδις.
690 835 925 918 πορευομένων
938 833 974 899 δὲ
984 826 1057 898 κατ’

58 936 141 1008 ὁδὸν
155 931 359 1020 Μασίστης’
345 961 363 1002 ο
378 939 527 1019 Δαρείου
542 930 743 1018 παρατυχόν
763 957 809 998 τω
795 930 928 998 πόθει·
944 935 1059 1019 τῷγε-

58 1035 171 1123 γονότι
194 1031 255 1103 τόν
275 1028 461 1117 στρατηγόν
481 1026 686 1117 Ἀρταΰντην
708 1035 800 1116 ἔλεγε
819 1028 926 1097 πολλα
949 1053 983 1094 τε
1005 1027 1059 1093 καὶ

59 1132 161 1220 κακά,
177 1131 261 1200 άλλα
274 1157 310 1199 τε
324 1132 379 1198 καὶ
391 1126 553 1215 γυναικός
566 1134 671 1196 κακίω
686 1125 752 1214 φύς
770 1124 873 1195 αύτδν
891 1124 975 1194 εἶναι
989 1149 1059 1191 τοι-

58 1239 142 1299 αὐτα
159 1230 446 1316 στρατηγήσαντα,
462 1230 517 1296 καλ
531 1225 626 1307 άξιον
642 1226 726 1296 εἶναι
740 1228 864 1307 παντὸς
879 1233 986 1296 κακοῦ
999 1223 1059 1292 τὸν

60 1335 210 1419 βασιλέος
225 1328 318 1398 οίκον
339 1326 546 1395 κακύσαντα.
574 1322 663 1414 παρά
679 1326 715 1393 δὲ
732 1339 818 1394 τοῖσι
830 1330 978 1414 Πέρσησι
995 1349 1058 1410 γυ-

59 1427 173 1507 ναικός
193 1433 297 1494 κακίω
311 1423 454 1493 άκοῦσαι
476 1426 592 1503 δέννος
612 1424 763 1510 μέγιστός
784 1425 863 1491 έστι
898 1419 915 1490 ὁ
938 1426 974 1490 δὲ
989 1423 1058 1489 ἐπεὶ

57 1524 162 1596 πολλὰ
176 1525 320 1644 ήκονσε,
336 1520 431 1590 δεινά
448 1521 646 1607 ποιεύμενος
667 1526 787 1587 σπᾶται
801 1517 904 1587 έπλ
871 1544 930 1585 τον
944 1524 1057 1584 Μασί-

57 1647 140 1709 στην
150 1619 210 1688 τὸν
222 1619 388 1700 ιἰκινάκην
398 1615 590 1686 ἀποκτείναι
605 1621 742 1686 ἐθέλων
765 1624 824 1687 καί
829 1643 889 1730 μιν
902 1617 1058 1684 ἐπιθέον-

59 1747 97 1788 τα
121 1718 284 1805 φρασθεις
302 1711 539 1800 Ξειναγόθης
525 1740 543 1781 ⁰
559 1711 764 1800 Πρηξίλεω’
747 1705 1058 1800 ανήρἍλικαρνησ-

58 1815 153 1902 σεύς,
177 1813 304 1882 ὄπισθε
316 1811 491 1892 έστεύς’
449 1840 554 1880 αντου
540 1813 787 1900 Ἀρταΰντεω,
803 1812 941 1902 αρπάζει
956 1817 1059 1898 μέσον

58 1914 113 1983 καλ
124 1914 270 1996 ξαείρας
280 1918 370 1978 παίει
381 1909 458 1989 ές
423 1936 485 1997 την
494 1918 574 1998 γῆν·
594 1914 649 1979 καὶ
661 1910 846 2002 έντούτριο
847 1908 1057 1998 ίδορυφόροι

57 2016 92 2077 οί
104 2013 283 2074 Μασίστεω
298 2010 514 2094 προέστησαν.
538 2007 556 2076 ὁ
575 2011 611 2076 δὲ
623 2009 825 2096 Ξειναγόρης
839 2015 942 2076 ταῦτα
958 2006 1059 2093 έργά-

56 2126 136 2173 σατο
152 2103 269 2191 χάριτα
284 2101 374 2195 αύτῷ
388 2131 423 2173 τε
437 2113 594 2195 Μασίστη
607 2108 780 2191 τιθέμενος
794 2109 849 2176 καὶ
861 2110 983 2194 Ξέρξη,
1004 2107 1059 2171 έκ-

56 2203 171 2284 σιόζων
184 2199 245 2270 τόν
261 2200 427 2289 ἀδελφεόν
442 2201 503 2273 τόν
515 2207 661 2272 ἐκείνου·
691 2207 746 2271 καλ
762 2201 817 2271 διά
832 2211 930 2270 τούτο
945 2200 982 2270 τό
1001 2207 1058 2281 ἔρ-

55 2327 118 2388 γον
138 2298 343 2386 Ξειναγόρης
360 2308 509 2388 Κιλικίης
529 2301 637 2388 πάσης
656 2295 735 2388 ήρξε
755 2302 873 2381 δόντος
894 2306 1056 2388 βασιλέος.

56 2398 176 2466 τῶνδε
193 2394 265 2464 κατ’
282 2394 364 2466 ὁδόν
379 2402 616 2484 πορευομένων
633 2396 733 2466 οὐδέν
748 2403 794 2466 ἔτι
810 2401 912 2467 πλέον
928 2399 1057 2483 ἐγένετο

55 2494 202 2578 τούτων,
224 2490 297 2561 ἄλλ’
314 2493 527 2563 ἀπικνέονται
548 2499 580 2573 ἐς
594 2495 730 2579 Σάρδις.
760 2496 797 2561 έν
817 2493 853 2562 δὲ
873 2501 945 2582 τῇσι
963 2493 1058 2581 Σάρ-

56 2597 125 2660 δισι
140 2591 299 2676 ἐτύγχανε
313 2590 378 2658 έύυ
392 2589 549 2680 βασιλεύς
564 2593 597 2670 έξ
612 2595 743 2658 ἐκείνου
758 2597 819 2658 τοῦ
835 2591 971 2678 χρόνον,
988 2592 1061 2657 έπεί

55 2717 91 2758 τε
103 2693 136 2768 ἐξ
146 2686 316 2773 Ἀθηνέων
325 2697 551 2774 προσπταίσας
560 2696 600 2776 τῇ
607 2695 772 2776 ναυμαχίη
781 2687 902 2774 φυγάν
911 2687 1055 2759 ἀπίκετο.

145 2791 264 2852 ΤΟΤΕ
278 2782 318 2870 δή
333 2787 370 2852 έν
380 2794 455 2874 τῇσι
468 2786 612 2873 Σάρδισι
633 2782 698 2854 έύν
715 2784 780 2872 ἄρα
793 2784 858 2873 ήρα
872 2795 929 2873 τῆς
944 2796 1057 2856 Μασί-
1075 2804 1124 2858 108

54 2904 140 2951 στεω
154 2877 331 2967 γυναικὸς,
357 2884 476 2970 έούσης
495 2887 550 2951 καὶ
569 2883 691 2969 ταύτης
711 2886 869 2954 ἐνθαῦτα.
904 2884 948 2966 ὡς
968 2892 1007 2955 δέ
1025 2892 1057 2956 οί

55 2977 305 3064 προσπέμποντι
327 2974 390 3045 οὐκ
410 2979 550 3047 έδύνατο
567 2987 851 3068 κατεργασθῆναι,
882 2980 960 3051 ούδδ
979 2990 1057 3071 βίην

55 3078 241 3161 προσέφερε
249 3077 525 3163 προμηθεόμενος
534 3074 595 3144 τόν
603 3072 1055 3165 άδελφεονΜασίστηντάν-

55 3169 146 3240 τδέ
110 3174 146 3240 δέ
160 3180 257 3240 τοῦτο
273 3172 337 3260 εἶχε
350 3177 407 3242 καλ
419 3170 481 3261 τήν
494 3188 653 3261 γυναῖκα·
677 3168 717 3243 εύ
731 3172 795 3264 γὰρ
809 3173 967 3263 ήπίστατο
981 3185 1055 3264 βίης

56 3297 99 3339 ου
87 3268 306 3357 ’τευξομένη
314 3323 324 3358 ,
349 3276 498 3342 ένθαῦτα
518 3271 559 3361 δή
575 3274 697 3359 Ξέρξης
716 3271 894 3359 ἐργόμενος
913 3299 980 3342 των
994 3271 1054 3342 άλ-

55 3377 126 3439 λων
139 3365 279 3454 πρήσσει
293 3366 352 3438 τόν
365 3369 475 3468 γάμον
488 3377 609 3439 τοῦτον
620 3395 666 3461 τω
652 3372 773 3438 ’παιδί
783 3395 828 3461 τω
815 3371 970 3438 ἑωυτοῦ
981 3380 1054 3438 Δα·

863 3460 927 3521 λλ*

1003 3602 1005 3604 ,
1102 3558 1124 3591 ιι
