2378 3840
313 116 398 173 ιιε.
447 100 494 172 1x.
528 115 628 174 οεε.
660 123 802 180 ει-ει.
1007 117 1069 181 315

59 281 119 347 ἵνα
134 277 339 362 έτάχθησαν,
362 272 577 360 έπιστάμενοι
590 271 631 341 τά
646 280 922 363 Λακεδαιμονίων
938 281 1070 367 φρονή-

59 400 147 464 ματα
160 370 203 452 ὥς
214 369 298 441 ἀλλα
310 373 528 460 φρονεόντων
538 375 594 440 καὶ
605 371 689 442 ἀλλα
701 373 879 458 λεγόντων.
897 373 941 455 ὡς
952 375 988 443 δὲ
1000 377 1065 444 έκι-

60 473 152 561 νήθη
167 470 204 539 τό
222 471 465 560 στρατόπεδον,
487 475 637 557 ἔπεμπον
653 474 768 558 σφέων
782 476 883 542 ίππέα
897 470 1068 559 ὀψόμενόν

58 600 95 643 τε
112 578 143 641 εί
157 571 365 659 πορεύεσθαι
381 570 596 656 ἐπιχειρέοιεν
611 574 645 638 οἱ
653 578 871 658 Σπαρτιῆται,
889 581 953 640 είτε
964 573 1018 638 καὶ
1029 567 1066 639 τό

58 672 221 758 παράπαν
235 665 279 756 μή
295 672 509 737 διανοεῦνται
524 666 811 757 ἀπαλλάσσεσθαι,
828 674 1022 758 έπείρεσθαί
1031 695 1067 736 τε

58 774 260 854 Παυσανίην
275 764 312 835 τό
327 763 436 854 χρεων
447 775 497 851 είη
511 770 648 835 ποιέειν.
665 764 723 847 Ὡς
734 769 771 836 δὲ
782 765 917 836 ἀπίκετο
932 765 1066 853 δκήρυξ
1081 788 1114 842 55

59 870 94 945 ές
104 865 184 944 τούς
194 867 493 950 Λακεδαιμονίους,
510 862 580 952 άρα
591 867 629 932 τέ
638 884 743 951 σφεας
753 864 837 933 κατά
848 866 961 953 χάρην
971 889 1066 932 τετα-

58 965 205 1052 γμένους
218 963 273 1031 καὶ
284 965 318 1040 ές
333 967 445 1030 νείκεα
459 958 664 1050 ἀπιγμένους
679 961 792 1032 αὐτῶν
805 963 885 1042 τούς
901 963 1063 1049 κρότους.

59 1059 105 1140 ὥς
118 1059 184 1148 γάρ
199 1052 240 1148 δή
256 1062 504 1146 παρηγορέοντο
515 1058 576 1128 τδν
589 1058 841 1149 Ἀμομφάρετον
851 1059 916 1128 ὅτε
927 1057 1066 1142 Εὐρυά-

58 1163 121 1240 ναξ
136 1163 191 1228 καί
205 1156 222 1229 ὁ
237 1165 433 1247 Παυσανίης
447 1157 492 1246 μή
507 1160 722 1228 κινδυνεύειν
736 1164 898 1247 μένοντας
915 1160 1065 1246 μούνους

58 1262 352 1345 Λακεδαιμονίων,
368 1256 410 1326 ού
424 1284 491 1337 κως
505 1265 655 1343 ἔπειθον,
672 1262 705 1337 ές
719 1257 739 1327 δ
753 1262 786 1338 ές
800 1258 912 1328 νείκεά
927 1284 963 1326 τε
978 1277 1065 1342 συμ-

58 1358 219 1436 πεσόντες
231 1354 372 1426 ἀπίκατο
386 1360 442 1426 καλ
458 1355 593 1446 ὁκήρυξ
604 1364 674 1425 των
684 1355 875 1445 Ἀθηναίων
884 1354 1065 1443 παρίστατό

58 1478 119 1545 σφι
131 1454 322 1542 ἀπιγμένος.
340 1455 479 1522 νεικέων
491 1455 527 1522 δέ
540 1450 557 1522 ὁ
569 1452 817 1541 Ἀμομφάρετος
831 1453 995 1542 λαμβάνει
1005 1455 1065 1520 πέ-

57 1581 140 1640 τρον
155 1551 359 1641 ἀμφοτέρῃσι
380 1559 454 1640 τῇσι
468 1555 577 1638 χερσὶ,
600 1556 654 1621 καὶ
667 1555 772 1632 τιθεὶς
786 1550 851 1642 πρό
867 1557 981 1620 ποδῶν
995 1557 1064 1620 τόν

63 1657 260 1725 Παυσανίεω
273 1649 377 1739 ταύτη
390 1657 430 1739 τῇ
445 1652 549 1741 ψήφφ
565 1659 769 1740 ψηφίζεσθαι
784 1659 847 1741 ἔφη
862 1653 907 1742 μή
923 1656 1064 1742 φεύγειν

61 1749 137 1830 τούς
152 1754 298 1838 ξείνους,
315 1754 443 1830 ξείνους
457 1753 566 1836 λέγων
579 1749 659 1831 τούς
674 1752 875 1840 βαρβάρους.
896 1750 914 1821 ὁ
933 1755 970 1821 δὲ
986 1780 1065 1839 μαι-

60 1850 206 1936 νόμενον
226 1850 281 1916 καὶ
302 1845 531 1937 ούφρενήρεα
547 1854 681 1919 καλέων
698 1855 827 1918 ἐκείνου
844 1849 928 1936 πρός
948 1877 983 1920 τε
1003 1849 1065 1919 τόν

53 1934 246 2033 Ἀθηναίων
265 1947 396 2034 κήρυκα
417 1945 651 2034 έπειρωτέοντα
666 1945 705 2014 τά
722 1951 939 2036 έντεταλμένα
954 1953 1063 2038 λέγειν

59 2046 282 2133 δΠαυσανίης
292 2048 424 2116 ἐκέλευε
433 2044 474 2115 τά
486 2048 654 2136 παρεόντα
665 2068 726 2134 σφι
739 2048 924 2136 πρήγματα,
940 2049 1067 2137 ἐχρήιζέ

59 2150 171 2215 τετῶν
181 2140 372 2230 Ἀθηναίων
383 2153 621 2234 προσχωρῆσαί
625 2172 661 2214 τε
671 2144 756 2231 πρός
766 2145 912 2225 ἑωυτούς
922 2150 978 2216 καὶ
986 2172 1063 2215 ποι-

58 2246 126 2312 έειν
140 2244 216 2326 περὶ
236 2249 293 2328 τῆς
313 2241 443 2311 ἀπόδου
470 2241 573 2328 τάπερ
600 2234 643 2309 ἀν
668 2246 724 2311 καὶ
740 2256 844 2329 σφείς.
881 2247 947 2314 Καὶ
966 2241 1062 2330 ὁμὲν
1079 2255 1114 2311 σθ

58 2338 287 2409 ἀπαλλάσσετο
299 2342 332 2419 ές
342 2339 422 2420 τούς
433 2339 641 2427 Ἀθηναίους.
665 2338 744 2419 τούς
756 2343 792 2409 δέ
802 2343 872 2411 ἐπεὶ
882 2339 1065 2431 ἀνακρινο-

57 2439 181 2524 μένους
199 2434 284 2525 πρός
306 2435 452 2516 ἑωυτούς
471 2435 541 2524 ήάς
560 2439 806 2525 κατελάμβανε,
833 2440 871 2507 έν
892 2440 1000 2530 τούτφ
1017 2447 1063 2530 τῷ

58 2535 167 2628 χρόνῳ
181 2533 366 2624 κατήμενος
380 2534 398 2606 ὁ
410 2543 608 2624 Παυσανίης
621 2533 664 2606 ού
678 2540 806 2606 δοκέων
819 2535 880 2606 τόν
891 2535 1064 2627 Ἀμομφά-

56 2658 155 2722 ρετον
169 2638 345 2714 λείψεσθαι
356 2643 425 2704 τῶν
436 2634 550 2705 ἀλλων
561 2639 836 2723 Λακεδαιμονίων
846 2636 1064 2725 ἀποστειχόν-

54 2758 133 2818 των,
149 2730 190 2799 τά
201 2730 242 2819 δή
254 2736 309 2802 καλ
320 2735 461 2820 ἐγένετο,
472 2735 626 2823 σημήνας
637 2733 745 2823 ἀπῆγε
756 2736 812 2806 διά
822 2745 891 2808 τῶν
901 2746 1063 2808 κολωνῶν

53 2827 133 2909 τούς
153 2829 294 2911 λοιπούς
309 2832 455 2913 πάντας·
483 2836 616 2902 εἵποντο
637 2838 674 2903 δὲ
687 2837 743 2903 καὶ
760 2845 927 2926 Τεγεῆται.
960 2835 1062 2923 Ἀθη-

55 2943 143 2998 ναῖοι
158 2932 195 3000 δέ
214 2935 393 3019 ταχθέντες
411 2933 512 3023 ἤισαν
524 2932 570 3002 ’τά
590 2941 733 3021 ἔμπαλιν
752 2930 775 3022 ή
791 2938 1059 3025 Λακεδαιμόνιοι.

55 3031 90 3095 οί
99 3030 162 3114 μὲν
171 3027 236 3117 γάρ
247 3038 316 3101 τῶν
327 3059 362 3102 τε
373 3029 488 3120 ὄχθων
499 3031 691 3121 ἀντείχοντο
703 3039 757 3104 καί
768 3043 826 3125 τῆς
836 3034 990 3126 ὑπωρέης
999 3043 1060 3107 τοῦ

53 3135 285 3218 Κνθαιρῶνος,
301 3132 505 3222 φοβεόμενοι
523 3131 586 3222 τήν
600 3137 721 3221 ἵππον,
733 3134 906 3222 Ἀθηναῖοι
920 3137 957 3204 δέ
971 3135 1060 3204 κάτω

52 3230 260 3312 τραφθέντες
277 3231 310 3307 ές
320 3229 358 3298 τό
369 3236 495 3301 πεδίον.
520 3230 771 3321 Ἀμομφάρετος
787 3233 823 3302 δδ
835 3231 941 3324 ἀρχήν
952 3260 987 3303 τε
998 3230 1058 3301 ού-
1075 3241 1107 3298 5?

52 3321 142 3413 δαμά
154 3325 283 3393 δοκέων
292 3334 493 3421 Παυσανίην
503 3329 682 3417 τολμήσειν
693 3334 798 3421 σφέας
813 3328 988 3400 ἀπολιπείν
998 3354 1058 3397 πε*
