2378 3840
80 193 84 198 “
126 180 188 242 136
501 186 751 244 HERODOTI

126 342 295 428 ἐνέμοντο,
308 348 376 408 τῦν
388 344 516 408 εἵνεκεν
528 340 821 429 ῦστερονΔαρεῑος
831 346 1034 429 ἐτιμωρέετο,
1050 346 1131 431 μήτε

126 436 209 506 κατὰ
223 437 263 506 τὰ
278 439 441 525 λεγόμενα
451 435 512 505 τόν
523 436 717 524 Ἀτρειδέων
726 439 870 519 ἐςἽλιου
883 440 965 527 μήτε
978 440 1039 508 τόν
1049 450 1132 509 Μυ-

126 545 196 606 σῦν
212 541 316 605 τεκαὶ
334 545 494 625 Τευκρῦν
513 536 573 605 τὸν
589 537 655 625 πρό
671 547 740 607 νῦν
758 547 919 626 Τρωικῶν
931 542 1129 629 γενόμενον,

126 641 162 701 οἳ
176 634 352 720 διαβάντες
373 637 405 712 ές
426 633 488 720 την
509 633 680 721 Εὐρώπην
701 634 784 704 κατά
799 637 978 724 Βόσπορον
997 636 1077 714 τοῦς
1097 662 1132 702 τι

128 731 274 817 Θρήικας
287 737 551 818 κατεστρέψαντο
565 733 694 811 πάντας
707 736 762 801 καὶ
776 736 829 801 ε’πλ
842 731 904 800 τόν
912 731 1033 801 Ἰόνιον
1045 732 1132 799 πόν-

44 864 50 871 ·
127 856 186 899 τον
203 833 389 918 κατέβησαν
404 834 499 918 μέχρι
520 858 556 899 τε
571 839 723 918 Πηνειοῦ
743 840 896 919 ποταμοῦ
911 859 948 900 το
967 829 1052 918 πρός
1071 857 1132 916 με·

78 941 114 992 11
128 933 291 1014 σαμβρίης
304 927 441 1014 ἤλασαν.
464 922 573 998 Αῦται
583 934 620 998 αί
632 938 736 999 πόσαι
746 928 821 998 οὐδ’
835 935 943 1017 ἕτεραι
954 929 1038 1018 πρὸς
1049 929 1132 996 ταό-

127 1046 202 1112 τησι
212 1025 391 1111 γενόμεναι
403 1035 637 1113 στρατηλασίαι
647 1036 725 1115 μιῆς
734 1026 906 1119 τῆσδεοῦκ
915 1026 1012 1108 άξιαι.
1025 1032 1061 1092 τί
1066 1023 1131 1110 γάρ

56 1146 64 1157 ·
128 1121 191 1190 οῦκ
204 1123 308 1210 ἤγαγε
323 1127 359 1192 ἐκ
379 1133 436 1212 τῆς
449 1125 558 1213 Ἀσίης
575 1134 677 1206 ἐδνος
693 1131 746 1196 ἐπὶ
762 1126 825 1214 τὴν
836 1125 977 1195 Ἑλλάδα
991 1127 1131 1211 ,Ξέρξηςς

127 1233 222 1287 κοῖον
234 1219 270 1286 δέ
279 1221 464 1309 πινόμενόν
483 1251 542 1310 μιν
561 1222 655 1310 ὕδωρ
663 1220 727 1291 οῦκ
735 1223 878 1308 ἐπέλιπε,
893 1219 981 1306 πλὴν
993 1228 1061 1288 τόν
1071 1247 1132 1306 με-

132 1315 246 1401 γάλων
259 1326 435 1404 ποταμοῖνς
457 1325 491 1388 oc
502 1323 564 1405 μέν
580 1318 644 1406 γάρ
664 1325 742 1398 νέας
762 1327 975 1407 παρείχοντο,
999 1325 1032 1388 οί
1048 1321 1084 1386 δὲ
1100 1322 1132 1396 ἐς

129 1413 230 1496 πεζόν
245 1416 434 1503 ἐτετάχατο,
455 1433 539 1486 τοῖσι
555 1420 591 1485 δὲ
606 1421 707 1496 ίππος
720 1421 975 1504 προσετέτακτο,
997 1433 1083 1485 τοῖσι
1096 1420 1133 1485 δὲ

129 1516 308 1603 ίππαγωγόι
326 1527 441 1602 πλοῖα,
460 1516 528 1604 άμα
544 1522 850 1605 στρατευομένοισι,
870 1532 955 1585 τοῖσι
972 1518 1009 1585 δὲ
1028 1521 1062 1596 ἐς
1074 1515 1133 1596 τάς

128 1619 280 1706 γεφύρας
291 1617 420 1705 μακράς
433 1621 511 1697 νέας
521 1620 688 1705 παρέχειν,
699 1633 784 1687 τοῖσι
796 1621 832 1686 δέ
844 1616 918 1684 σῖτά
929 1621 1029 1685 τεκαὶ
1044 1619 1130 1696 νέας.

77 1728 113 1779 22
133 1719 195 1786 Καὶ
215 1721 391 1803 τοῦτομὲν
411 1715 456 1796 ὡς
469 1718 768 1806 προσπταισάντων
787 1725 855 1784 τῶν
875 1717 1018 1804 πράτων
1038 1744 1130 1804 περι-

129 1817 315 1885 πλωόντων
326 1821 402 1903 περὶ
412 1814 596 1885 τῦνἈδων
606 1816 858 1903 προετοιμάζετο
871 1817 907 1883 ἐκ
918 1822 1021 1901 τριῶν
1033 1817 1132 1883 ἐτέων

126 1940 191 1981 κου
204 1913 347 1999 μάλιστα
362 1917 395 1993 ές
408 1913 468 1982 τόν
481 1913 613 1983 Ἀθων·
642 1919 679 1982 ἐν
691 1913 757 2001 γάρ
773 1913 958 1984 Ἐλαιοῦντι
972 1922 1030 2001 τῆς
1044 1923 1133 1999 Χερ-

126 2011 276 2098 σονήσου
285 2011 416 2099 ῦρμεον
427 2014 586 2099 τριήρεες,
594 2017 756 2080 ἐνθεῦτεν
767 2012 803 2080 δέ
811 2011 1009 2099 ὁρμεόμενοι
1022 2011 1132 2098 όόρνσ-

35 2172 37 2177 .
126 2129 189 2179 σον
204 2107 270 2176 ὑπὸ
283 2116 452 2195 μαστίγων
466 2113 673 2179 παντοδαποὶ
683 2118 741 2197 τῆς
755 2116 918 2195 στρατιῆς,
934 2108 1085 2194 διάδοχοι
1100 2105 1130 2174 δ’

53 2228 61 2241 ·
130 2213 293 2294 ἐφοίτεον,
307 2205 463 2294 όίρυσσον
480 2210 516 2275 δὲ
531 2210 634 2276 καλοί
645 2210 721 2294 περὶ
737 2206 798 2276 τὸν
805 2209 920 2275 Ἀδων
934 2208 1132 2291 ’κατοικημέ-

130 2332 195 2373 νοι.
210 2305 387 2393 Βουβάρης
398 2307 434 2373 δὲ
445 2303 463 2373 ὁ
473 2309 676 2393 Μεγαβάζου
687 2308 742 2374 καὶ
750 2304 940 2393 Ἀρταχαίης
951 2304 969 2372 δ
981 2305 1132 2392 Ἀρταίου

131 2403 253 2488 ἄνδρες
263 2405 390 2488 Πέρσαι
404 2403 601 2472 ἐπεστάτεον
614 2412 675 2472 τοῦ
689 2411 800 2490 έργου.
816 2401 853 2470 Ὁ
867 2400 1051 2488 γάρἈθως
1066 2404 1132 2469 ἐστὶ

130 2497 234 2591 οὖρος
242 2505 326 2590 μέγα
336 2530 371 2572 τε
384 2507 440 2572 καί
451 2501 671 2591 οῦνομαστόν,
685 2508 719 2583 ἐς
729 2504 907 2572 θάλασσαν
918 2508 1075 2589 κατῆκον,
1084 2507 1132 2568 oi-

130 2608 278 2688 κημένον
292 2598 357 2668 ὑπ’
376 2598 579 2686 ἀνθρώπων.
602 2609 642 2690 τῇ
661 2606 697 2669 δὲ
713 2607 850 2689 τελευτᾷ
870 2602 904 2678 ἐς
917 2596 979 2685 τὴν
992 2595 1134 2685 ἤπειρον

127 2700 165 2770 τῦ
182 2694 294 2787 οὖρος,
309 2706 579 2787 χερσονησοειδές
589 2705 628 2770 τέ
636 2705 703 2770 ἐστι
718 2704 773 2769 καὶ
784 2700 905 2787 ἰσθμός
920 2698 966 2778 (ὃς
980 2701 1132 2768 δυόδεκα

92 2797 95 2801 ’
128 2803 284 2882 σταδίων,
299 2802 416 2865 πεδίον
429 2800 465 2866 δὲ
476 2805 574 2866 τοῦτο
589 2802 644 2866 καὶ
655 2801 798 2878 κολωνοὶ
810 2796 1001 2883 οῦμεγάλοι
1015 2799 1051 2864 ἐκ
1065 2807 1131 2865 θα-

128 2897 254 2981 λάσσης
268 2902 325 2980 τῆς
342 2893 532 2964 Ἀκανθίων
546 2899 599 2964 ἐπὶ
613 2898 791 2964 θάλασσαν
804 2893 867 2983 τὴν
881 2893 997 2962 άντίον
1015 2894 1131 2979 Τυρά-

129 3018 197 3077 νης.
227 2994 265 3058 έν
285 2991 321 3058 δέ
340 2998 386 3080 τςῦ
406 2997 518 3081 ίσδμςῦ
534 2994 659 3084 τούτῳ,
681 2998 714 3072 ές
734 2992 794 3062 τόν
814 3001 951 3081 τελευτᾷ
971 2990 989 3061 ὁ
1008 2989 1131 3074 Ἀθως,
1153 3050 1156 3059 ,

126 3088 224 3173 Σάνη
238 3087 335 3166 πόλις
352 3085 467 3166 Ἑλλάς
483 3098 623 3210 οἴκηται.
650 3096 687 3158 αί
672 3094 735 3158 ίδὲ
699 3087 843 3167 δέντός
859 3089 991 3174 Σάνης,
1016 3093 1082 3155 ἐσω
1097 3087 1132 3155 δὲ

127 3211 189 3252 του
174 3183 289 3250 Ἀθω
307 3188 495 3271 οἰκημέναι,
509 3185 568 3264 τάς
583 3187 658 3255 τότε
669 3215 687 3256 ο
674 3187 831 3276 ’Πέρσης
844 3186 1078 3274 νησιωτιδας’
1058 3191 1132 3254 αντὶ

126 3278 396 3368 ἠπειρωτίδων”
367 3306 499 3366 ωρμητο
511 3285 690 3372 ποιέειν,εί
676 3289 721 3354 ίσὶ
732 3290 815 3370 αἵδε,
829 3294 927 3370 Δίον,
938 3281 1132 3370 Ὀλόφυξος,

123 3375 329 3464 Ἀκρόθωον,
346 3378 487 3465 Θύσσος,
504 3387 665 3450 Κλεωναί.
689 3383 803 3460 πόλιες
817 3373 940 3467 μὲν
894 3407 993 3449 αυται
1000 3380 1132 3468 ,αἳτδυ
