2378 3840
146 195 208 260 316
522 182 775 250 HERODOTI

144 361 281 443 ριείχετο
297 351 403 420 αὐτοῦ
419 354 582 436 μένοντας
595 347 640 437 μὴ
658 351 805 418 ἐκλιπεῖν
821 344 884 436 τὴν
897 348 1002 428 τάξιν.
1035 372 1155 437 προτε·

144 452 292 540 ρεόντων
307 451 343 519 δέ
357 457 426 517 τῶν
440 446 507 517 σόν
523 454 719 536 Παυσανίῃ,
737 447 919 526 καταδόξας
932 443 1063 527 αότοδς
1080 451 1154 536 mu

143 556 240 639 τέχνῃ
254 548 431 617 ἀπολιπεῖν
445 542 567 632 αάτόν,
591 544 804 633 ἀναλαβόντα
818 542 878 612 τόν
892 544 994 630 λόχον
1008 541 1052 612 τὰ
1068 543 1154 613 όπλτ

142 643 203 737 ἦγε
218 651 327 737 βάδην
342 645 427 735 πρός
440 643 477 714 τό
494 643 576 714 ἀλλο
594 657 719 731 στῖφος.
746 640 783 711 τὰ
800 642 837 710 δέ
851 639 1004 711 ἀπελθόν
1020 639 1109 710 ὅσον
1122 667 1154 711 τε

143 751 221 815 δέκα
236 744 354 812 στάδια
368 739 510 828 ἀνέμενε
524 737 586 808 τόν
595 738 848 828 Ἀμομφαρέτου
864 740 983 828 λόχον,
998 743 1081 828 περὶ
1092 765 1154 808 πο-
1188 786 1189 830 ,

141 841 248 932 ταμδν
261 841 442 911 Μολόεντα
455 842 639 928 ἱδρυμένον
651 837 844 928 Ἀργιόπιόν
858 866 895 908 τε
907 847 1021 927 χῶρον
1032 839 1153 912 καλεό-

141 970 256 1033 μενον,
268 951 307 1034 τῇ
319 946 373 1012 καὶ
384 941 566 1030 Δήμητρος
579 937 781 1027 Ἐλευσινίης
791 937 868 1028 ίρόν
878 932 991 1028 ἧσται·
1008 937 1152 1026 ἀνέμενε
1188 943 1189 953 ’

141 1044 176 1112 δλ
199 1047 298 1110 τοῦδε
314 1044 459 1124 εἵνεκεν,
480 1041 536 1106 ἵνα
554 1035 599 1127 ἢν
613 1036 658 1126 μὴ
678 1036 826 1130 ἀπολίπῃ
842 1037 903 1107 τόν
917 1047 1032 1128 χοῖρον
1055 1043 1097 1110 ἐν
1110 1049 1152 1130 τῷ

141 1143 311 1229 ἐτετάχατο
333 1138 351 1208 ὁ
371 1139 622 1227 Ἀμομφάρετός
643 1167 680 1208 τε
698 1137 792 1209 καλό
814 1140 927 1226 λόχος,
951 1137 1029 1209 ἀλλ’
1046 1138 1152 1209 αὐτοῦ

140 1246 275 1330 μένωσι,
299 1238 423 1323 βωθέοι
444 1237 551 1307 ὀπίσω
562 1235 642 1324 παρ’
657 1240 814 1317 ἐκείνους.
836 1239 891 1306 καὶ
902 1241 981 1307 οἵτε
993 1235 1086 1325 ἀμφὶ
1096 1238 1151 1308 τὸν

136 1338 389 1427 Ἀμομφάρετον
405 1333 629 1423 παρεγίνοντό
640 1358 712 1422 σφι,
731 1338 786 1404 καὶ
799 1333 820 1424 ἡ
831 1339 931 1416 ἵππος
944 1333 965 1424 ἡ
979 1343 1053 1406 τῶν
1068 1345 1151 1426 βαρ-

139 1439 256 1526 βάρων
278 1438 475 1525 προσεκέετο
496 1442 596 1503 πάσα.
630 1439 664 1503 οί
681 1432 747 1521 γάρ
764 1432 900 1504 ίτιπόιαι
921 1436 1063 1503 ἐποίευν
1081 1430 1150 1504 οἱον

140 1541 194 1606 καλ
212 1536 365 1606 ἐνέθεσαν
378 1539 505 1602 ποιέειν
522 1534 603 1620 αίεί,
625 1534 753 1613 ίδόντες
773 1539 809 1603 δὲ
828 1532 889 1603 τόν
905 1541 1020 1622 χῶρον
1034 1535 1149 1607 κεινδκ

140 1637 176 1701 ἐν
195 1639 241 1724 τῷ
261 1632 431 1717 ἐτετάχατο
454 1635 488 1699 οί
503 1629 661 1718 Ἕλληνες
679 1638 754 1720 τῇσι
771 1634 968 1721 προτέρῃσι,
995 1631 1149 1721 ἤλαυνον

139 1727 217 1809 τούς
230 1732 354 1809 ἵππους
369 1731 432 1798 αίελ
447 1727 483 1796 τό
499 1730 615 1815 πρόσω
629 1731 684 1797 καλ
696 1727 767 1816 άμα
780 1731 1028 1818 καταλαβόντες
1042 1753 1141 1821 προσ·
1182 1819 1185 1825 ¹

140 1828 255 1898 εκέατό
269 1847 340 1913 σφι

89 1944 125 1999 ες
224 1923 420 2043 Μαρδόνιος
435 1921 505 1992 δὲ’
483 1950 528 2002 ως
538 1926 684 1994 ἐπύθετο
701 1923 780 2005 τοδς
787 1925 985 2015 Ἐλληνας’
964 1931 1146 2018 αποιχομέ·
1168 1970 1170 1976 ·

121 2045 222 2101 νους
238 2019 304 2089 ὑπὸ
320 2022 427 2089 νόκτα
446 2020 515 2089 εἶδέ
524 2048 560 2090 τε
574 2020 635 2091 τόν
649 2049 760 2110 χωρον
775 2027 916 2112 ἐρῆμον,
931 2027 1126 2108 καλέσας
1094 2054 1147 2098 τον

140 2129 322 2206 Ληρισαῖον
336 2118 481 2204 Θόρηκα
496 2121 551 2187 καὶ
565 2147 644 2199 τους
658 2117 901 2207 ἀδελφεοδς’
859 2129 965 2191 αυτοῦ
980 2121 1146 2212 Εὐρύπυ-

140 2226 200 2285 λον
215 2218 270 2284 καλ
286 2216 500 2303 Θρασυδήιον
515 2222 623 2303 ἔλεγε
641 2213 680 2286 Ὠ
695 2215 829 2296 παῖδες’
823 2219 972 2305 Αλεόεω,
989 2225 1042 2289 ἐτι
1054 2229 1091 2290 τί
1098 2223 1147 2291 λέ·

140 2318 209 2396 ξετε
220 2313 299 2380 τάδε
313 2310 465 2401 ὁρέοντες
476 2317 598 2401 ἐρήμας
613 2313 708 2402 ὑμεῖς
718 2312 784 2402 μάρ
795 2320 829 2384 οί
837 2316 1070 2405 πλησιόχωροι
1081 2322 1146 2389 ἐλέ·

138 2438 213 2501 μετε
223 2415 508 2499 Λακεδαιμονίους
523 2412 565 2482 οά
579 2415 720 2501 φεόμειν
732 2418 768 2483 ἐκ
782 2415 904 2502 μάχης,
922 2412 1009 2485 ἀλλὰ
1018 2415 1147 2506 ἀνδρας

138 2509 222 2580 εἶναι
235 2506 276 2576 τά
290 2511 432 2596 πολέμια
444 2510 617 2600 κρότους,
632 2511 712 2594 τοὸς
723 2513 888 2599 πρότερόν
901 2539 936 2582 τε
947 2518 1147 2604 μετισταμέ-

136 2635 217 2688 νους
233 2610 269 2676 ἐκ
283 2615 341 2696 τῆς
351 2609 461 2689 τάξιος
474 2615 593 2698 εἴδετε,
611 2617 677 2679 νῦν
688 2637 724 2678 τε
739 2608 807 2679 ὑπὸ
819 2609 881 2697 τὴν
894 2617 1147 2702 παροιχομένην

136 2708 243 2774 νόκτα
257 2709 313 2773 καὶ
333 2710 368 2773 οί
386 2708 510 2788 πάντες
523 2706 667 2796 ὁρέομεν
683 2710 899 2795 διαδράντας·
928 2711 1090 2794 διέδεξάν
1104 2737 1146 2796 τε,

137 2808 210 2874 ἐπεί
227 2823 332 2889 σφεας
349 2809 422 2874 ἐδεε
440 2804 524 2891 πρὸς
540 2805 619 2886 τούς
639 2805 810 2888 ἀψευδέως
829 2805 987 2890 ἀρίστους
1003 2807 1146 2900 ἀνδρό-

136 2927 210 2970 πων
225 2902 312 2991 μάχῃ
327 2907 560 2991 διακριθῆναι,
577 2903 628 2972 ότι
639 2903 776 2984 οόδένες
786 2903 851 2992 ἀρα
865 2904 977 2986 ἐόντες
990 2909 1032 2976 ἐν
1044 2907 1146 2978 οάδα-

135 3014 225 3087 μοῑσι
240 3002 333 3068 ἐοῦσι
341 2998 476 3088 Ἕλλησι
492 3003 782 3075 ἐναπεδεικνύατο.
806 3006 861 3071 καὶ
874 3000 956 3090 ὑμῖν
972 3005 1040 3090 μὲν
1056 3009 1146 3077 ἐοῦσι

136 3098 294 3185 Περσέων
308 3095 475 3185 ἀπείροισι
490 3097 596 3186 πολλὴ
614 3105 651 3168 ἐκ
665 3125 703 3187 με
714 3103 795 3187 ἐμεῦ
806 3102 932 3186 ἐγένετο
946 3104 1145 3192 συμμνοόμη,

135 3199 361 3268 ἐπαινεόντων
373 3201 534 3288 τούτους,
549 3208 637 3271 τοῖσί
647 3228 678 3270 τι
692 3204 747 3271 καλ
762 3203 960 3286 συνῃδέατε·
980 3200 1145 3296 Ἀρταβά-

135 3306 193 3383 ζου
209 3299 244 3367 δὲ
273 3304 374 3387 θαῖμα
398 3303 453 3369 καὶ
467 3308 598 3388 μᾶλλον
612 3303 794 3389 ἐποιεύμην
805 3303 843 3370 τὸ
858 3310 913 3370 καὶ
924 3310 1145 3393 καταρρωδῆ·

127 3422 187 3467 σαι
201 3403 514 3489 Λακεδαιμονίους,
535 3400 838 3489 καταρρωδήσαντά
859 3423 894 3468 τε
913 3397 1144 3484 ἀποδέξασθαι
