2378 3840
379 194 462 250 ΗΒ.
487 195 522 252 V.
562 193 657 250 ΟΑῬ.
684 197 815 252 22-27.
1063 194 1097 258 11

97 359 323 450 ὑπερθέωμαι.
355 359 499 432 τοότοισι
515 376 601 432 τοῖσι
618 368 711 432 έπεσι
724 361 902 444 πιστεύσας
913 362 931 432 ὁ
941 359 1101 454 Ἱστιαῖος,

96 462 154 531 καὶ
171 457 239 547 ἀμα
255 462 339 549 μέγα
351 461 546 551 ποιεόμενος
563 463 714 549 βασιλέος
727 460 914 551 σύμβουλος
931 467 1100 552 γενέσθαι,
1154 531 1159 543 ,

98 559 234 631 ἀπίκετο
253 563 285 640 ἐς
301 557 358 642 τάς
371 559 507 651 Σάρδις.
540 559 728 656 ἀπικομένῳ
748 564 788 633 δέ
801 564 837 635 οέ
851 568 942 652 έλεγε
959 577 1103 654 Δαρετος

97 658 192 732 τάδε·
222 655 366 748 Ἱστιαῖε,
396 659 461 751 έγω’
482 683 520 734 σε
547 659 804 752 μετεπεμψάμην
827 666 936 734 τοῖνδε
959 669 1101 736 εἵνεκεν·

100 764 210 832 ἐπείτε
240 758 374 850 τάχιστα
392 759 553 852 ἐνόστησα
569 758 634 833 άπό
646 764 812 836 Σκυθέων
829 762 886 834 καί
902 759 945 835 σά
957 793 1013 852 μοι
1030 767 1101 854 έγέ-

98 889 156 932 νεο
175 857 418 950 έξόῳθαλμῶν,
435 860 538 933 οὐδέν
555 890 602 934 κω
615 859 695 933 ἀλλο
712 865 821 952 χρῆμα
832 859 920 935 οὕτω
938 866 974 935 έν
987 867 1106 956 βραγέλ

101 958 295 1048 ἐπεζήτησα,
315 959 359 1043 ὡς
376 963 414 1032 σε
432 967 519 1034 ίδετν
535 990 572 1033 τε
589 964 645 1033 καὶ
663 967 696 1045 ἐς
708 959 826 1052 λόγους
843 990 900 1053 μοι
911 959 1102 1053 ἀπικέσθαι,

48 1116 49 1131 ,
100 1058 269 1149 ἔγνωκάς,
293 1057 344 1131 ότι
360 1062 535 1151 κτημάτων
557 1059 692 1134 πάντων
717 1062 786 1134 έστί
807 1059 1002 1152 τιμιιότατον
1018 1059 1103 1155 ἀνὴρ

99 1167 197 1250 φίλος
214 1158 350 1242 συνετός
367 1164 475 1232 τεκαὶ
493 1159 626 1251 εὔνοος,
650 1159 692 1231 τά
707 1190 757 1232 τοι
775 1159 840 1252 έγοδ
862 1164 918 1233 καὶ
934 1158 1104 1255 ἀμφότερα

97 1267 263 1354 συνειδιός
280 1274 344 1359 έχω
358 1272 560 1360 μαρτυρέειν
574 1272 607 1350 ές
620 1266 796 1359 πρήγματα
809 1267 850 1339 τά
864 1266 936 1358 έμά.
967 1275 1033 1338 νῦν
1048 1259 1107 1355 όν,

99 1363 138 1441 εὖ
151 1370 216 1462 γάρ
232 1373 388 1460 ἐποίησας
402 1368 619 1461 ἀπικόμενος,
633 1371 713 1440 τάδε
727 1397 778 1440 τοι
793 1368 858 1459 έγοδ
873 1376 1106 1460 προτείνομαι·

48 1493 50 1502 ’
98 1478 255 1561 Μίλητον
274 1473 338 1562 μέν
360 1477 398 1543 ἔα
418 1477 474 1543 καὶ
495 1471 557 1562 τὴν
577 1472 770 1542 νεόκτιστον
789 1475 826 1541 ἐν
847 1479 977 1562 Θρηίκη
997 1471 1107 1555 πόλιν,

48 1652 52 1667 .>
98 1572 142 1644 σε)
166 1576 206 1644 δέ
220 1602 277 1664 μοι
300 1575 460 1665 ἑπόμενος
480 1579 513 1656 ές
526 1579 643 1644 Σοῦσα
663 1581 717 1664 έχε
737 1571 779 1645 τά
797 1602 860 1664 περ
883 1568 925 1645 ἀν
947 1573 1011 1661 έγοὶ
1033 1579 1107 1661 ἔχω,

98 1677 175 1767 έμός
196 1704 232 1746 τε
250 1675 405 1759 σύσσιτος
425 1675 490 1749 ἐάν
511 1677 567 1747 καί
589 1674 788 1766 σύμβουλος.
833 1681 944 1746 Ταῦτα
964 1686 1109 1765 Δαρεῖος
1122 1695 1156 1750 τε

49 1866 52 1873 ¹
101 1791 211 1865 εἴπας,
239 1781 296 1848 καί
319 1780 525 1870 καταστήσας
540 1777 765 1870 Ἀρταῳέρνεα
784 1775 953 1867 ἀδελφεὸν
981 1779 1108 1847 ἑωυτοῦ

102 1877 304 1970 ὁμοπάτριον
316 1878 469 1972 ὕπαρχον
483 1881 570 1951 εἶναι
579 1886 752 1970 Σαρδίων,
763 1876 936 1970 ἀπήλαυνε
950 1881 983 1959 ές
991 1885 1108 1948 Σοῦσα

49 2064 52 2075 1
99 1981 168 2071 ἀμα
181 1980 343 2070 ἀγόμενος
352 1979 521 2070 Ἱστιαίου,
538 1981 676 2054 Ὀτάνεα
696 1983 734 2053 δὲ
747 1979 909 2064 ἀποδέξας
921 1978 1108 2072 στρατηγόν

50 2082 57 2137 ³·
100 2084 188 2154 εἶναι
202 2091 271 2156 τοῖν
284 2093 571 2176 παραθαλασσίων
584 2083 737 2176 ἀνδρῶν,
757 2090 818 2154 τοῦ
831 2081 890 2154 τδν
904 2087 1029 2172 πατέρα
1042 2092 1105 2152 Σι-

53 2222 57 2229 ·
100 2187 232 2276 οάμνην
252 2185 409 2275 βασιλεδς
428 2186 612 2277 Καμβύσης
630 2187 813 2276 γενόμενον
831 2191 900 2255 τοῖν
922 2193 1108 2273 βασιληίων

51 2290 61 2381 Ἰ
100 2292 303 2376 δικαστέων,
317 2289 368 2359 ότι
382 2293 437 2360 ἐπὶ
450 2291 593 2380 χρήμασι
608 2296 706 2378 δίκην
720 2286 838 2358 ἀδικον
852 2291 1004 2374 ἐδίκασε,
1019 2286 1106 2373 σφά·

58 2386 66 2463 ’,
101 2397 157 2475 ξας
171 2388 326 2480 ἀπέδειρε
341 2389 521 2482 πάσαντὴν
535 2389 770 2482 ἀνθρωπηίην,
779 2393 939 2472 σπαδίξας
951 2389 988 2460 δέ
1002 2387 1107 2459 αὐτοῦ

103 2490 138 2562 ιδ
154 2495 258 2582 δέρμα
273 2492 410 2582 ἱμάντας
428 2496 462 2577 έξ
476 2491 581 2564 αὐτοῦ
602 2501 702 2584 ἔταμε
715 2495 771 2561 καὶ
786 2495 929 2562 ἐνέτεινε
949 2490 1008 2563 τδκ
1021 2488 1106 2580 θρό·

101 2622 181 2679 νον,
208 2599 241 2676 ές
261 2594 320 2666 τόν
340 2602 419 2680 ἵζων
447 2600 592 2679 ἐδίκαζε·
620 2594 801 2673 ἐντανύσας
825 2593 863 2662 δέ
888 2589 1109 2681 όΚαμβόσης

101 2692 240 2779 ἀπέδεξε
251 2696 412 2787 δικαστὴν
423 2699 509 2768 εἶναι
523 2695 598 2767 ἀντὶ
610 2703 670 2768 τοῦ
681 2694 870 2785 Σισάμνεω,
885 2692 944 2765 τόν
954 2694 1107 2765 ἀποκτεί·

101 2825 163 2877 νας
183 2795 358 2890 ἀπέδειρε,
379 2799 439 2871 τδν
460 2807 564 2870 παῖδα
582 2805 642 2868 τοῦ
662 2798 857 2887 Σισάμνεω,
879 2796 1109 2885 ἐντειλάμενός

104 2904 140 2969 οί
156 2907 368 2990 μεμνῆσθαι,
395 2906 432 2972 ἐν
451 2909 497 2994 τῷ
519 2908 661 2986 κατίζων
680 2901 797 2992 θρόνῳ
823 2900 959 2982 δικάζει.
1002 2890 1110 2977 Οὗτος
1123 2917 1157 2973 26

103 2993 153 3071 οἶν
174 2998 192 3070 ὁ
208 3001 365 3092 Ὀτάνης,
392 3001 411 3073 ὁ
430 3003 678 3092 ἐγκατιζόμενος
700 3007 733 3083 ές
752 3007 873 3072 τοῦτον
891 2999 951 3094 τόν
969 3000 1109 3089 θρόνον,

102 3104 179 3174 τότε
194 3105 349 3194 διάδοχος
363 3106 543 3195 γενόμενος
557 3104 746 3197 Μεγαβάζῳ
758 3110 817 3192 τῆς
828 3110 1027 3192 στρατηγίης
1039 3110 1108 3170 3²³·

102 3214 255 3289 ζαντίους
273 3233 310 3278 τε
330 3204 397 3279 εἷλε
411 3212 468 3278 καί
480 3214 749 3297 Καλχηδονίους,
773 3199 840 3275 εἷλε
854 3205 891 3275 δὲ
901 3203 1110 3292 Ἄντανδρον

60 3344 72 3383 ι
103 3305 167 3393 τὴν
188 3310 224 3376 ἐν
242 3315 284 3398 τῇ
302 3312 434 3404 Τρῳάδι
454 3316 516 3400 γῇ,
544 3306 613 3380 εἷλε
631 3310 669 3380 δὲ
687 3307 910 3396 Λαμπώνιον,
938 3303 1053 3393 λαβοδν
1073 3301 1111 3374 δέ

51 3404 64 3439 ²
103 3407 195 3499 παρά
207 3419 362 3499 Λεσβίων
381 3414 458 3492 νέας
478 3408 547 3481 εἷλε
560 3411 698 3502 Λῆμνόν
714 3436 750 3479 τε
764 3412 819 3478 καὶ
829 3405 979 3498 Ἴμβρον,
1000 3404 1109 3495 ἀμῳο·

103 3514 201 3601 τέρας
220 3517 269 3582 ἔτι
288 3513 363 3584 τότε
382 3510 449 3584 ἀπὸ
467 3520 653 3603 Πελασγῶν
674 3515 875 3601 οίκεομίνας.
919 3516 965 3580 oc
987 3509 1048 3595 μὲν
1068 3513 1090 3577 δ
