2378 3840
339 175 423 230 Llss.
456 176 491 230 v.
525 175 625 232 σου.
658 162 799 237 ον’-οε.
1031 172 1072 233 39

61 323 152 416 ἦσαν
173 331 209 397 δὲ
228 335 283 400 καί
300 346 386 399 τοῖσι
404 330 643 420 Ἐπιδαυρίοισι
663 339 699 401 αί
716 341 867 403 τοιαῦται
892 337 1069 422 ίροεργίαι·

61 428 127 494 εἰσὶ
137 429 174 492 δε
186 447 246 511 σφι
256 429 311 494 καὶ
326 424 464 515 ἄρρητοι
480 432 651 516 ἱροεργίαι.
677 435 906 516 Κλεφθέντων
917 433 953 498 δὲ
963 436 1069 498 τῶνδε
1078 442 1110 494 84

60 529 131 593 τῶν
144 519 347 610 ἆγαλμοὶτων
358 530 393 594 οί
397 525 602 614 Ἐπιδαύριοι
613 542 698 596 τοῖσι
709 525 915 616 Ἀθήναίοισι
929 528 969 598 τὰ
984 550 1069 596 συν-

61 623 183 689 έθεντο
195 620 257 690 οὐκ
269 625 450 693 ἐπετέλεον.
464 627 652 711 πέμψαντες
663 625 700 693 δὲ
709 631 742 694 οί
748 623 920 713 Ἀθηναῖοι
932 627 1071 714 ἐμήνιον

59 733 149 788 τοῖσι
159 717 416 810 Ἐπιδαυρίοισι·
433 727 467 791 οί
476 721 512 789 δὲ
529 719 720 809 ἀπέφαινον
733 724 840 814 λόγῳ,
858 722 902 804 ὡς
916 722 980 792 οὐκ
995 721 1070 790 ἄδι-

59 815 276 887 κέοιεν·ὅσον
297 820 359 907 μὲν
378 818 444 908 γὰρ
460 821 585 906 χρόνον
610 818 699 906 εἶχον
720 818 760 888 τὰ
782 818 955 909 ἀγάλματα
972 827 1010 890 έν
1030 828 1070 910 τῆ

60 917 172 1007 χαίρῃ,
188 921 366 986 ἐπιτελέειν
380 916 420 986 τοὶ
437 924 637 1006 συνέθεντο,
653 923 723 988 ἐπεὶ
738 922 774 989 δὲ
792 925 990 1009 ἐστερῆσθαι
1005 919 1070 988 αὐ-

61 1025 149 1103 τῶν,
165 1016 207 1086 οὐ
222 1025 344 1087 δίκαιοι
359 1018 444 1087 εἶναι
464 1017 648 1107 ἀποφέρειν
663 1026 727 1106 ἔτι,
742 1019 826 1090 ἀλλὰ
841 1019 920 1100 τοὺς
936 1027 1069 1106 ἔχοντας

61 1114 337 1205 αὕτᾶΑίγιυήτας
348 1117 559 1204 πρήσσεσθαι
570 1120 734 1188 ἐκέλευον.
757 1117 842 1205 πρὸς
852 1127 955 1187 ταῦτα
967 1116 1070 1204 ’Λθή-

61 1230 152 1284 υαίοι
164 1219 350 1302 έςΑίγιναν
360 1218 549 1303 πέμψαντες
560 1215 720 1286 ιέπαίτεου
730 1217 771 1285 τὰ
782 1215 971 1304 ἀγάλματα·
990 1222 1024 1284 οί
1033 1215 1069 1284 δὲ

62 1320 240 1401 Αἰγινῆται
255 1320 386 1401 έφασαν
402 1323 497 1401 σφίσι
516 1343 553 1382 τε
574 1320 628 1384 καὶ
645 1314 854 1402 Ἀθηναίοισι
869 1313 953 1382 εἶναι
967 1311 1068 1380 οὐδὲν
1113 1352 1118 1360 ·

61 1417 209 1498 πρῆγμα.
248 1409 421 1505 Ἀθργναϊοι
436 1415 498 1498 μέν
515 1440 581 1480 νυν
597 1416 733 1499 λέγουσι
752 1411 834 1499 μετὰ
850 1411 912 1499 τήν
926 1410 1067 1497 ἀπαίτῆ-
1077 1431 1111 1483 85

63 1531 119 1575 σιν
130 1506 357 1596 ἀποσταλῆναι
367 1510 499 1598 τριήρει·
507 1518 566 1600 μιῆ
576 1517 644 1578 τῶν
654 1508 766 1578 ἀστῶν
776 1510 927 1597 τούτους,
939 1518 974 1578 οἳ
983 1507 1068 1577 ἀπο-

62 1609 275 1693 πεμφθέντες
290 1605 355 1676 οὶπό
376 1616 437 1677 τοῦ
452 1616 571 1677 κοινοῦ
586 1613 642 1678 καὶ
659 1607 857 1696 ἀπικόμενοι
874 1611 907 1688 ές
921 1619 1067 1695 Αίγιναν

63 1702 102 1772 τὰ
116 1701 290 1791 ἀγάλματα
303 1713 407 1775 ταῦτα
422 1703 466 1786 ὡς
481 1713 653 1793 σφετέρων
670 1708 779 1786 ξύλων
797 1706 894 1774 ἐόντα
902 1705 1068 1791 ε’πειρέον-

64 1833 100 1873 το
116 1808 152 1874 ἐκ
167 1812 235 1873 τῶν
245 1805 388 1894 βοὶθρων
399 1810 599 1893 ἐξανασπᾶν,
615 1811 671 1873 ἵνα
687 1811 773 1894 σφέα
788 1807 1064 1893 ἀνακομίσωνται.

64 1903 106 1972 οὐ
120 1907 329 1992 δυναμένους
343 1909 379 1976 δέ
391 1909 499 1999 τούτω
511 1915 558 1999 τῷ
570 1908 682 1998 τρόπω
696 1907 809 1975 αὐτοῖν
821 1917 992 1994 κρατῆσαι,
1007 1932 1067 1974 πε-

64 2003 264 2092 ριβαλόντας
277 2014 406 2091 σχοινία
417 2008 528 2075 ἕλκειν
538 2003 578 2073 τοὶ
590 2003 779 2093 ἀγάλματα,
795 2013 854 2074 καί
861 2026 922 2090 σφι
934 2008 1068 2073 ἕλκουσι

64 2101 212 2188 βροντήν
223 2129 259 2170 τε
269 2107 323 2172 καὶ
332 2102 400 2190 ἅμα
414 2112 453 2193 τῆ
463 2112 588 2194 βροντῇ
599 2103 737 2192 σεισμὸν
748 2108 977 2191 ἐπιγενέσθαι·
989 2100 1069 2181 τούς

64 2200 99 2266 δὲ
119 2205 288 2285 τριηρίτας
307 2199 387 2281 τοὺς
401 2205 558 2282 ἕλκοντας
574 2202 641 2271 ὑπὸ
661 2203 791 2271 τούτων
805 2201 1068 2289 ἀλλοφρονῆσαι,

61 2296 238 2376 παθόντας
253 2299 289 2366 δὲ
303 2307 402 2368 τοῦτο
418 2308 561 2371 κτείνειν
578 2298 743 2389 ἀλλήλους
757 2299 815 2369 ἅτε
827 2308 1017 2387 πολεμίους,
1037 2302 1070 2378 ές

61 2397 82 2465 δ
93 2400 133 2466 έκ
144 2395 281 2466 πάντων
293 2400 352 2468 ἕνα
363 2406 545 2493 λειφθέντα
556 2401 827 2491 ἀνακομισθῆναι
838 2397 943 2468 αὐτὸν
954 2398 1068 2477 ε’ςΦοί-

61 2506 179 2586 λῆρον.
213 2496 385 2589 Ἀθηναῖοι
399 2506 461 2590 μέν
475 2529 541 2571 νυν
556 2501 793 2590 οὕτωλέγουσι
809 2502 985 2588 γενέσθαι,
1004 2504 1067 2565 Ae·
1077 2511 1111 2564 86

62 2604 199 2690 γινῆται
214 2601 251 2666 δὲ
271 2599 313 2667 οὐ
329 2609 388 2691 μιῆ
405 2608 461 2690 νηὶ
476 2601 657 2673 ἀπικέσθαι
675 2601 875 2689 Ἀθηναίους
891 2606 988 2687 (μίαν
1005 2596 1068 2683 μὲν

63 2693 131 2785 γὰρ
147 2698 203 2765 καί
218 2693 319 2790 ὀλίγφ
334 2708 481 2781 πλεῦνας
497 2711 590 2790 μιῆς,
609 2704 665 2770 καὶ
681 2710 714 2768 εί
724 2721 785 2787 σφι
799 2698 843 2788 μή
861 2706 979 2784 ἔτυχον
993 2698 1071 2765 εὀῦ-

10 2868 14 2885 ,
60 2816 121 2864 σαι
132 2799 217 2884 νέες,
225 2794 468 2885 ἀπαμύνασθαι
482 2797 527 2868 δυ
541 2798 728 2921 εήπετέως),
737 2797 821 2885 ἀλλὰ
834 2805 975 2885 πολλῆσι
986 2820 1071 2881 νηυ-

10 2898 13 2917 '
62 2919 97 2966 σι
84 2897 292 2965 έπιπλοίειν
307 2918 367 2984 σφι
383 2899 484 2968 ἐπὶ
449 2928 511 2986 τήν
524 2926 655 2988 χωρῆν,
678 2897 772 2968 αὐτοὶ
788 2903 826 2967 δέ
844 2918 904 2984 σφι
922 2895 1002 2977 εἶξαι
1017 2896 1072 2963 καὶ

63 3023 106 3064 ου
95 2993 394 3084 ’διαναυμαχῆσαιΙ
408 2995 470 3065 οὐκ
482 3007 594 3085 έχουσι
605 3001 642 3068 δὲ
648 3024 747 3067 τουτο
759 2993 991 3084 διασήμήναι’
971 3020 1069 3080 ατρε-

62 3093 216 3181 κέως,’
180 3093 258 3162 οὔτε
274 3097 337 3164 εί
318 3116 452 3175 εσσονες
466 3098 774 3265 συγγινωσκόμενοι
787 3094 871 3164 εἶναι
885 3102 925 3182 τῆ
936 3116 1071 3176 ναυμα-

61 3200 118 3282 χίῃ
133 3191 216 3261 κἀτα
231 3201 331 3263 τοῦτο
350 3193 517 3282 εἶξαν,’
481 3196 559 3265 ούτε
576 3223 591 3264 ε
592 3196 826 3284 ίβουλόμενοι
842 3198 978 3278 ποιῆσαι
994 3185 1069 3256 οἷόν

63 3320 94 3360 τι
108 3294 165 3359 καλ
176 3293 346 3382 έποίῆσαυ.
365 3292 566 3381 Ἀθηναίους
579 3298 641 3382 μέν
655 3321 738 3378 νυν,
766 3291 877 3358 έπείτέ
887 3311 947 3375 σφι
960 3286 1069 3365 οὐδεὶς

65 3396 98 3471 ές
105 3391 218 3480 μα’χην
229 3401 413 3478 κατίστατο,
425 3393 615 3484 ἀποβάντας
626 3389 691 3460 ἀπὸ
702 3399 771 3458 τῶν
782 3397 870 3456 νεων
881 3392 1069 3470 τραπέσθαι
