2378 3840
312 188 397 247 ιιο.
430 186 622 266 εοεαε.
654 194 830 251 τοο-ειν.
1014 190 1076 253 ειε

67 359 150 416 σθαι
169 345 212 426 ὡς
227 344 325 433 ἀνδρὶ
338 344 482 434 ψεάστη,
497 340 542 431 ῆν
556 343 601 432 μῆ
617 344 722 412 ταῦτά
736 371 788 415 τοι
802 348 906 436 ταάτη
923 351 1018 438 έκβῆ,
1035 358 1074 440 τῆ

67 444 132 533 ἐγεδ
147 448 242 533 λέγω.
269 452 381 514 Ταῦτα
395 447 505 531 λέγων
522 442 585 513 οὐκ
603 449 718 514 έπειθε
731 443 792 513 τὸν
806 449 936 533 Ξέρξην
963 452 1074 517 τέσσε-
1089 463 1141 516 210

67 571 127 630 ρας
147 543 209 631 μέν
226 540 267 631 δῆ
287 548 451 631 παρεξῆκε
466 541 608 632 ἡμέρας,
628 547 767 625 ἐλπίζων
788 551 855 614 αίεί
868 565 973 635 σφεας
988 548 1074 617 ἀπο-
1161 540 1169 555 ’

67 645 261 732 δρήσεσθαι.
285 647 415 734 πέμπτη
432 643 485 731 δέ,
508 641 552 722 ὡς
568 640 631 712 οάκ
645 641 915 736 ἀπαλλάσσοντο,
942 647 1026 720 ἀλλά
1041 653 1075 718 οί

67 747 246 832 ἐφαίνοντο
262 740 415 833 ἀναιδείη
429 769 465 811 τε
479 744 534 811 καὶ
544 739 687 832 ἀβουλίη
701 743 932 832 διαχρεόμενοι
945 748 1071 835 μένειν,

64 844 186 929 πέμπει
209 839 261 909 ἐπ’
282 839 405 920 αὐτοὺς
420 842 563 928 Μήδους
576 867 612 909 τε
632 843 687 910 καὶ
703 849 863 923 Κισσίους
885 849 1071 932 θυμωθείς,

65 938 297 1026 ἐντειλάμενός
311 958 416 1025 σφεας
427 941 659 1029 ζωγρήσαντας
671 940 766 1027 άγειν
778 945 810 1021 ές
822 940 901 1024 ὅφιν
912 943 974 1031 τῆν
986 946 1071 1013 ἑωυ-

65 1045 134 1106 τοῦ.
159 1033 204 1115 ὡς
218 1035 250 1103 δ’
268 1038 430 1107 ἐπέπεσον
440 1040 622 1125 φερόμενοι
637 1041 670 1118 ἐς
685 1037 931 1128 τοδςἝλληνας
947 1046 980 1110 οί
989 1049 1069 1128 Μῆ-

64 1140 135 1221 δοι,
157 1141 296 1204 ἔπιπτον
312 1139 445 1222 πολλοὶ,
468 1133 563 1204 ἀλλοι
580 1136 612 1204 δ’
630 1137 809 1224 ἐπεσήισαν
828 1141 884 1208 καί
904 1140 967 1209 οὐκ
981 1139 1069 1227 ἀπή-

63 1243 208 1318 λαυνον,
225 1240 343 1321 καίπερ
355 1234 506 1322 μεγάλως
520 1243 789 1319 προσπταίοντες.
814 1243 917 1323 δῆλον
928 1237 960 1306 δ’
976 1241 1068 1306 έποί-

64 1358 125 1400 ευν
139 1339 241 1401 παντί
251 1358 313 1425 τεφ
331 1335 386 1401 καλ
401 1330 463 1401 οὐκ
482 1331 600 1419 ῆκιστα
615 1331 705 1425 αὐτῷ
722 1337 866 1423 βασιλέι,
885 1334 936 1402 ότι
952 1337 1068 1403 πολλοὶ

62 1432 124 1516 μὲν
138 1427 315 1515 άνθρωποι
331 1431 413 1517 εἶεν,
432 1428 538 1517 ὀλίγοι
557 1434 592 1500 δέ
609 1431 738 1520 ἀνδρες.
763 1435 889 1519 ἐγίνετο
901 1434 938 1502 δὲ
948 1431 969 1520 ῆ
981 1453 1068 1521 συμ-

61 1528 144 1619 βολῆ
162 1527 206 1597 δι’
224 1527 357 1618 ῆμέρης.
403 1527 526 1599 Ἐπείτε
554 1534 590 1600 δὲ
605 1536 640 1602 οί
651 1537 767 1618 Μῆδοι
780 1537 924 1620 τρηχέως
944 1540 1069 1622 περιεί-
1084 1549 1130 1607 211
1174 1571 1176 1576 ·

62 1652 182 1714 ποντο,
202 1631 351 1696 ἐνθαῦτα
366 1621 459 1697 οὗτοι
474 1629 535 1715 μὲν
551 1627 749 1717 ὑπεξήισαν,
766 1635 800 1698 οἱ
813 1632 849 1699 δὲ
866 1631 993 1716 Πέρσαι
1011 1635 1027 1700 ἐ
1047 1672 1066 1682 -

62 1725 237 1812 δεξάμενοι
261 1724 418 1813 ἐπήισαν,
445 1723 524 1805 τοὺς
547 1725 741 1806 ἀθανάτους
763 1728 876 1798 ἐκάλεε
898 1726 1065 1817 βασιλεδς,

61 1832 128 1892 τῶν
142 1817 222 1910 ῆρχε
234 1822 411 1911 Ὑδάρνης,
425 1823 468 1903 ὡς
480 1823 520 1911 δῆ
533 1816 630 1893 οὗτοί
639 1851 677 1909 γε
690 1824 850 1905 εὐπετέως
863 1826 1067 1912 κατεργασό-

59 1948 164 2010 μενοι.
190 1919 234 2001 άς
251 1923 288 1990 δὲ
302 1924 357 1990 καλ
373 1915 467 1991 οὗτοι
481 1927 685 2009 συνέμισγον
698 1938 784 1991 τοῖσι
791 1921 941 2010 Ἕλλησι,
965 1922 1065 1993 οὐδὲν

59 2025 162 2091 πλέον
177 2023 337 2108 ἐφέροντο
351 2027 409 2108 τῆς
424 2028 578 2109 στρατιῆς
590 2029 648 2107 τῆς
659 2024 832 2108 Μηδικῆς,
847 2018 931 2091 ἀλλά
946 2018 986 2089 τά
1001 2018 1064 2089 αά-

58 2116 115 2205 τά,
138 2117 195 2188 ἀτε
212 2121 249 2188 ἐν
266 2114 481 2212 στεινοπόρρό
491 2145 527 2188 τε
543 2119 640 2211 χοίρῳ
654 2119 834 2207 μαχόμενοι
850 2125 905 2191 καλ
922 2122 1063 2205 δοάρασι

58 2222 289 2306 βραχυτέροισι
303 2219 480 2307 χρεόμενοι
494 2216 578 2306 ῆπερ
593 2222 627 2287 oc
638 2217 805 2305 Ἕλληνες,
821 2222 876 2287 καὶ
891 2217 953 2286 οὐκ
968 2226 1063 2305 ἐχον-
1146 2210 1151 2228 ’

56 2344 109 2395 τες
121 2316 246 2404 πλήθει
253 2315 452 2403 χρήσασθαι.
472 2315 732 2402 Λακεδαιμόνιοι
744 2315 780 2382 δέ
792 2313 951 2401 ἐμάχοντο
964 2311 1063 2394 ἀξίως

57 2415 173 2499 λόγον,
185 2411 269 2481 ἀλλα
279 2438 316 2479 τε
326 2409 605 2500 ἀποδεικνύμενοι
616 2415 652 2481 έν
663 2409 726 2480 οὐκ
738 2412 982 2495 ἐπισταμένοισι
996 2411 1062 2496 μά-

57 2519 176 2594 χεσθαι
203 2511 466 2596 ἐξεπιστάμενοι,
494 2514 550 2579 καὶ
570 2509 656 2588 ὅκως
679 2513 872 2594 ἐντρέψειαν
898 2508 938 2576 τά
960 2517 1060 2593 νῶτα,

56 2604 151 2686 ἁλέες
167 2606 356 2694 φεύγεσκον
373 2611 496 2695 δῆθεν,
522 2613 556 2676 οί
571 2607 607 2675 δὲ
626 2608 792 2694 βάρβαροι
806 2603 958 2694 ὁρέοντες
975 2604 1061 2692 φεύ-

54 2729 177 2790 γοντας
187 2711 250 2793 βοῆ
265 2730 300 2772 τε
314 2707 369 2773 καλ
384 2703 521 2796 πατάγῳ
535 2705 686 2792 ἐπήισαν,
702 2708 737 2772 οί
745 2701 777 2771 δ’
791 2698 836 2772 ἀν
848 2708 1061 2787 καταλαμβα·
1114 2789 1122 2806 .

55 2803 193 2890 νόμενοι
205 2801 417 2891 ὑπέστρεφον
428 2802 534 2873 ἀντίοι
546 2802 630 2872 εἶναι
642 2818 726 2872 τοῖσι
737 2803 948 2892 βαρβάροισι,
959 2827 1057 2887 μετα·

55 2901 276 2989 στρεφόμενοι
300 2901 336 2970 δέ
356 2904 561 2990 κατέβαλλον
576 2901 701 2989 πλήθει
719 2901 971 2989 ἀναριθμήτους
992 2907 1059 2967 τῶν

55 3003 228 3086 Περσέων·
256 3005 395 3070 ἔπιπτον
411 3003 447 3069 δέ
462 3005 521 3071 καί
538 3000 650 3070 αὐτῶν
669 3009 737 3070 τῶν
750 3002 988 3088 Σπαρτιητέων
1003 3002 1059 3067 ἐν·

55 3103 164 3165 θαῦτα
176 3095 290 3185 ὀλίγοι.
306 3101 375 3169 ἐπεὶ
387 3101 422 3168 δὲ
431 3096 533 3168 οὐδὲν
544 3102 701 3169 ἐδυνέατο
713 3106 921 3188 παραλαβεῖν
930 3102 963 3167 οί
969 3099 1058 3184 Πέρ-

53 3212 109 3276 σαι
124 3199 180 3279 τῆς
196 3195 315 3263 ἐσόδου
331 3196 541 3286 πειρεόμευοι
556 3203 611 3268 καὶ
626 3195 708 3267 κατά
723 3201 817 3268 τέλεα
828 3202 883 3267 καί
894 3203 1059 3274 παντοίως

52 3290 330 3381 προσβάλλοντες,
338 3293 536 3384 ἀπήλαυνον
545 3293 659 3365 ὀπίσω.
672 3293 871 3385 Ἐνταάτησι
879 3304 951 3387 τῆσι
959 3316 1054 3384 προσ·
1075 3312 1125 3365 21²

52 3390 160 3458 όδοισι
175 3397 233 3477 τῆς
253 3391 357 3478 μάχης
371 3396 499 3481 λέγεται
516 3399 654 3482 βασιλέα
672 3395 867 3481 θηεύμενον
885 3398 955 3480 τρὶς
974 3392 1056 3462 ἀνα--
