2378 3840
335 197 423 251 LlB.
456 197 491 252 V.
525 196 625 253 CAP.
657 203 799 259 67—72.
1028 198 1069 260 33

59 347 205 436 ἐξέβαλε,
223 355 429 422 Κλεισθένεα
456 357 511 422 καὶ
538 350 609 439 μετ’
642 352 748 423 αὐτοῦ
776 355 898 437 άλλους
923 355 1069 439 πολλοὺς

59 441 266 538 Ἀθηναίων,
287 449 366 530 τούς
386 454 523 538 ἐναγέας
543 453 714 538 ἐπιλέγων.
748 461 852 522 ταῦτα
873 458 909 523 δὲ
929 456 1069 542 πέμπων

61 547 155 631 ἐλεγε
169 548 206 615 ἐκ
223 552 358 636 διδαχῆς
371 557 433 617 τοῦ
445 546 636 636 Ἰσαγόρεω·
659 556 693 619 οί
700 555 763 637 μὲν
773 550 838 639 γάρ
850 549 1066 638 ’Λλκμαιωυί

60 648 117 712 βαι
138 648 195 714 καί
216 652 251 716 oc
263 655 485 717 συστασιῶται
506 646 620 717 αὐτῶν
642 648 731 737 εἶχον
753 659 861 740 αίτίην
879 662 940 721 τοῦ
956 655 1068 740 φόνου

59 741 204 830 τούτου,
223 743 324 825 αὐτὸς
340 748 376 813 δὲ
394 743 436 814 οὐ
450 761 593 834 μετείχε,
616 745 691 815 οὐδ’
713 754 748 818 οί
760 757 851 836 φίλοι
868 749 981 819 αὐτοῦ.
1028 755 1072 818 OC
1084 765 1114 820 71

60 841 93 911 δ’
117 847 250 932 ἐναγέες
266 844 455 934 Ἀθηναίων
479 840 544 916 όόε
567 845 849 937 οὐνομάσθησαυ·
880 845 925 937 ῆν
944 852 1069 919 Κάλων

60 947 130 1008 τῶν
146 940 336 1029 Ἀθηναίων
356 943 442 1032 άνῆρ
459 943 723 1034 Ὀλυμπιονίκης.
757 941 856 1028 οὗτος
874 952 927 1017 ἐπὶ
943 975 1070 1037 τνραν-

60 1044 130 1108 νίδι
150 1040 309 1130 ἐκόμησε,
332 1044 645 1131 προσποιησάμενος
665 1044 701 1117 δέ
721 1048 891 1134 ἑταιρηίην
906 1055 975 1115 τῶν
994 1044 1070 1131 ῆλι-

62 1139 213 1229 κιωτέων
235 1149 435 1230 καταλαβεῖν
455 1142 518 1230 τῆν
538 1140 723 1229 άκρόπολιν
742 1147 922 1231 ἐπειρήθη,
944 1144 987 1214 οό
1008 1151 1070 1213 δυ-

63 1236 208 1323 υάμενος
219 1240 255 1306 δέ
266 1241 480 1328 ἐπικρατῆσαι
492 1242 600 1327 ίκέτης
608 1241 691 1320 ἵζετο
699 1235 827 1326 πρόςτό
836 1237 978 1328 ἄγαλμα.
988 1243 1070 1310 τοό-

62 1358 142 1411 τους
164 1329 318 1404 άνιστᾶσι
353 1337 415 1424 μὲν
440 1344 474 1407 οί
494 1338 676 1424 πρυτάνιες
696 1347 765 1407 τῶν
786 1342 1009 1457 ναυκράρων,
1021 1341 1069 1406 οἵ·

61 1456 125 1517 περ
140 1435 262 1518 ἔνεμον
282 1434 358 1502 τότε
376 1433 437 1514 τάς
452 1432 656 1556 Ἀθήνας,
637 1435 830 1521 υπεγγόους
851 1435 940 1524 πλήν
956 1436 1068 1505 θανά-

10 1534 18 1539 ”
63 1555 135 1615 τον,
150 1538 316 1616 φονεῦσαι
327 1531 416 1601 δὲ’
374 1561 498 1614 αυτονς
508 1541 594 1620 αἰτίη
606 1540 671 1620 ἔχει
679 1531 946 1622 Ἀλκμαιωνίδας.
964 1545 1067 1605 ταῦτα

61 1626 128 1718 πρό
142 1635 202 1718 τῆς
214 1634 459 1720 Πεισιστράτου
472 1631 603 1720 ἡλικίης
622 1636 761 1720 ἐγένετο

72 1735 77 1741 ’
144 1731 337 1815 Κλεομένης
353 1728 433 1798 δὲ
411 1756 456 1810 ως
475 1735 615 1818 πέμπων
635 1733 769 1818 ἐξέβαλε
784 1737 991 1801 Κλεισθένεα
1012 1737 1067 1802 καὶ
1082 1745 1114 1800 72

63 1825 142 1907 τοὺς
164 1830 317 1915 ἐναγέας,
341 1837 550 1918 Κλεισθένης
577 1833 639 1916 μὲν
663 1828 764 1909 αὐτὸς
784 1829 957 1918 ὑπεξέσχε,
985 1830 1066 1918 μετά

62 1927 98 1995 όέ
117 1923 220 1996 οόόέν
235 1929 334 1995 έσσον
350 1937 463 2017 παρῆν
483 1934 516 2009 ἐς
535 1927 594 2008 τάς
613 1926 758 2015 Ἀθήνας
775 1925 793 1996 ὁ
815 1932 1004 2016 Κλεομένης
1026 1927 1068 1996 οὐ

63 2024 128 2094 σόν
146 2027 277 2116 μεγάλη
298 2031 398 2116 χειρί,
418 2025 621 2115 ἀπικόμενος
642 2027 678 2095 δέ
700 2024 873 2114 ἀγηλατέει
888 2027 1068 2096 ἑπτακόσια

62 2126 191 2193 έπέστια
201 2121 406 2213 Ἀθηναίων,
421 2127 463 2194 τά
477 2130 512 2194 οί
521 2122 667 2194 ὑπέθετο
679 2122 698 2192 ὁ
712 2122 889 2212 Ἰσαγόρης.
912 2133 1016 2193 ταῦτα
1031 2127 1067 2192 δέ

61 2224 203 2311 ποιήσας
218 2226 358 2310 δεύτερα
370 2222 433 2312 τήν
447 2220 576 2313 βουλήν
595 2223 773 2292 καταλύειν
788 2225 958 2308 ἐπειρᾶτο,
973 2249 1068 2309 τριη-

61 2332 204 2394 κοσίοισι
222 2325 258 2393 δὲ
277 2339 363 2393 τοῖσι
380 2323 556 2412 Ἰσαγόρεω
575 2322 773 2411 στασιάτησι
792 2320 851 2400 τάς
871 2318 974 2408 άρχάς
994 2323 1067 2389 ἐνε-

62 2427 187 2511 χείριζε.
208 2418 461 2509 ἀντισταθείσης
477 2422 513 2490 δὲ
528 2429 585 2508 τῆς
600 2427 724 2508 βουλῆς
737 2421 792 2488 καὶ
804 2416 846 2486 οὐ
860 2423 1066 2506 βουλομένης

61 2516 285 2589 πείθεσθαι”
265 2544 283 2587 ο
300 2544 335 2586 τε
352 2523 543 2607 Κλεομένης
566 2516 652 2587 καὶ
638 2545 656 2586 ο
674 2516 843 2603 Ἰσαγόρης
862 2519 918 2584 και
935 2523 968 2584 οί
986 2537 1066 2584 στα-

10 2628 19 2701 '5
62 2624 176 2687 σιωται
199 2612 305 2684 αὐτοῦ
325 2619 618 2736 καταλαμβάνουσι
637 2613 700 2702 τῆν
720 2613 913 2700 άκρόπολιν.
963 2612 1066 2702 Ἀθη-

10 2738 103 3049 λ

10 3216 73 3439 λ

62 2720 168 2783 ναίων
188 2713 227 2781 δε
249 2716 284 2781 of
300 2717 410 2782 λοιποι
431 2713 471 2781 τά
493 2711 576 2781 αὐτά
599 2713 828 2799 φρονήσαντες
851 2710 1065 2798 ἐπολιόρκεον

62 2836 187 2889 αυτους
199 2807 339 2929 ἡμέρας
341 2812 421 2880 δύο
444 2840 483 2901 τη
469 2815 535 2879 δὲ
549 2818 642 2899 τρίτη
656 2808 865 2878 ὑπόσπονδοι
880 2813 1065 2897 ἐξέρχονται

62 2911 97 2978 ἐκ
117 2913 177 2995 τῆς
196 2906 306 2995 χιόρης
325 2907 399 2977 ὅσοι
419 2902 507 2997 ῆσαν
522 2908 635 2978 αὐτων
649 2909 918 2992 Λακεδαιμόνιοι.
953 2911 1065 2976 ἐπετε-

63 3006 152 3077 λέετο
171 3006 209 3074 ab
228 3013 274 3097 τῷ
295 3007 514 3096 Κλεομένει·’
497 3036 518 3095 η
540 3009 651 3095 φήμη
674 3006 718 3086 ὡς
739 3005 804 3093 γάρ
826 3005 968 3093 άνέβη’
951 3032 984 3084 ες
1002 3004 1064 3092 τήν

10 3101 249 3188 ἆκρόπολιν
273 3110 404 3191 μέλλων
432 3106 472 3193 δή
496 3103 603 3192 αὐτήν
629 3108 865 3190 κατασχήσειν,
886 3100 938 3200 ήιε
967 3105 999 3182 ές
1024 3103 1061 3170 τό

64 3200 243 3271 ἄδυτον
202 3227 261 3289 της
274 3202 398 3271 θεοῦ*
375 3233 420 3284 ως
436 3209 645 3291 προσερέων·
666 3231 687 3290 η
675 3201 772 3270 63⁸
758 3229 844 3320 ιρεια
860 3197 1062 3282 ἐξαναστᾶσα

65 3298 179 3367 ἐκτοῦ
198 3299 333 3386 θρόνον
353 3305 433 3390 πρὶν
452 3300 474 3390 ῆ
490 3301 549 3382 τάς
569 3302 680 3388 θύρας
698 3297 802 3368 αὐτόν
824 3297 959 3385 άμεῑψαι
977 3300 1062 3369 εἷπε
1176 3343 1179 3349 ·

62 3386 206 3479 Ωξείνε
225 3402 516 3549 Λοχχιεόαλμόνιε,
510 3401 613 3478 πάλιν
635 3400 733 3485 χοόρει
758 3395 836 3485 μηδ’
859 3403 989 3552 ἐσιχθᾘ
972 3426 1005 3480 ες
1025 3399 1062 3469 τό

144 3509 236 3549 mon
