2378 3840
305 212 390 268 LIB.
425 211 495 268 VIII.
529 210 628 268 cAP.
660 215 711 270 11⁷
724 239 762 252 -·
776 216 836 271 ιιι.
1013 205 1076 272 275

68 365 137 459 ὁδῷ
150 369 330 458 χρεόμενος
343 368 412 456 ἀμα
432 375 477 458 τῷ
494 365 584 458 ἀλλω
600 375 728 459 στρατῷ
744 365 950 457 ἀπενόστησε
967 371 1001 448 ἐς
1014 365 1076 455 τὴν

70 474 186 556 Ασίην.
209 471 309 557 Μέγα
322 471 358 538 δέ
369 472 424 538 καὶ
435 469 512 536 τόδε
523 467 726 556 μαρτόριον·
748 475 903 556 φαίνεται
913 469 978 557 μάρ
990 473 1074 557 Ξέρ-
1094 492 1142 544 ιιο

69 573 125 656 ξης
141 569 179 636 ἐν
194 575 234 657 τῇ
250 564 355 638 ὀπίσω
370 570 491 657 κομιδῇ
506 563 709 654 ἀπικόμενος
723 569 756 646 ἐς
763 565 921 656 Ἄβδηρα,
936 571 991 636 και
1008 571 1074 647 ξει-

68 671 145 752 νίην
164 667 205 734 τέ
217 686 276 752 σφι
300 669 508 752 συνθέμενος
528 667 584 732 και
605 665 841 752 δωρησάμενος
857 662 980 743 αότοάς
1000 661 1074 731 ἀκι-

68 763 156 852 νάκη
165 791 201 832 τε
210 766 344 856 χρνσέρι
356 766 412 832 καὶ
425 763 525 851 τιήρῃ
536 762 765 852 χρυσοπάστῳ.
789 766 844 831 και
856 759 900 841 ὡς
911 758 1005 830 αὐτοὶ
1019 763 1074 829 λέ-

68 881 167 948 νουσι
178 859 377 950 Ἀβδηρῖται,
394 864 548 948 λέγοντες
562 865 673 949 ἔμοιγε
689 858 842 948 οὐδαμῶς
855 862 966 947 πιστά,
981 867 1074 947 πρω-

68 984 127 1027 τον
146 957 286 1028 ἐλύσατο
301 957 364 1047 τὴν
379 959 487 1048 ζεόνην
505 960 643 1046 φεύγων
660 961 692 1040 ἐξ
704 958 876 1046 Ἀθηνέων
891 960 1012 1044 ὀπίσω,
1030 955 1074 1036 ὡς

68 1059 106 1126 ἐν
122 1053 216 1146 ἀδείη
233 1057 307 1124 ἐωύ.
335 1055 375 1125 τά
398 1059 434 1126 δὲ
447 1056 598 1146 ’Ἄβδηρα
617 1061 751 1145 ἵδρυται
765 1056 850 1147 πρός
864 1066 924 1127 τοῦ
936 1046 1074 1142 Ἑλλησ-

69 1153 197 1221 πόντου
211 1161 339 1240 μᾶλλον
354 1150 377 1242 ἢ
391 1162 453 1222 τοῦ
463 1156 664 1242 Στρυμόνος
679 1159 733 1225 καὶ
749 1163 806 1243 τῆς
824 1154 970 1241 Ἠιόνος,
989 1150 1074 1221 ὅθεν
1146 1192 1150 1199 ·

70 1252 112 1341 δη’
126 1259 184 1338 μιν
200 1274 281 1340 φασι
296 1257 451 1342 ἐπιβῆναι
466 1259 518 1324 ἐπὶ
531 1253 593 1342 τὴν
607 1260 675 1325 νέα.
778 1276 785 1289 ‘

155 1356 199 1420 OI
212 1354 248 1419 δὲ
260 1350 418 1439 Ἕλληνες
441 1355 546 1420 ἐπείτε
569 1351 632 1422 οὐκ
650 1351 764 1422 οἷοίτε
780 1356 935 1441 ἐγένοντο
951 1358 1072 1434 ἐξελειν
1092 1368 1139 1422 ιιι

68 1448 304 1538 τὴνἍνδρον,
328 1450 531 1538 τραπόμενοι
552 1454 584 1530 ἐς
598 1451 780 1540 Κάρυστον
801 1455 856 1522 καὶ
874 1451 1073 1540 δηιώσαντες

68 1545 181 1616 αὐτόν
203 1544 265 1634 τὴν
284 1546 398 1637 χάρην
418 1546 671 1622 ἀπαλλάσσοντο
693 1554 725 1629 ἐς
742 1560 926 1638 Σαλαμῖνα.
958 1555 1073 1635 πρῶτα

68 1647 130 1731 μέυ
145 1671 211 1711 νυν
225 1659 309 1713 τοῖσι
320 1656 430 1714 θεοῖσι
441 1651 566 1726 ἐξεῖλον
579 1644 759 1735 ἀκροθίνια
774 1648 856 1718 ἀλλα
868 1651 968 1717 τεκαὶ
979 1646 1073 1732 τριήρ

69 1767 146 1828 ρεας
161 1754 247 1828 τρεῖς
263 1749 460 1829 Φοινίσσας,
475 1742 538 1829 την
553 1747 615 1829 μὲν
633 1748 666 1823 ἐς
682 1743 818 1832 Ἰσθμόν
835 1743 1072 1829 ἀναθείναι,ἡ’-

69 1866 132 1927 περ
151 1844 198 1908 ἐτι
213 1843 268 1908 καὶ
284 1843 317 1920 ἐς
338 1841 394 1927 ἐμὲ
413 1835 473 1928 ἦν,
494 1840 556 1929 τὴν
576 1845 612 1911 δέ
634 1846 686 1913 ἐπι
700 1843 867 1928 Σούνιον,
891 1842 953 1931 τὴν
975 1845 1010 1910 δέ
1026 1848 1072 1929 τῷ

67 1948 189 2006 Αίαντι
213 1935 319 2005 αότοῦ
336 1941 370 2016 ἐς
383 1947 569 2026 Σαλαμῖνα.
602 1939 683 2028 μετά
700 1942 737 2010 δέ
756 1948 855 2010 τοῦτο
876 1938 1071 2008 διεδάσαντο

67 2035 130 2123 τὴν
145 2041 244 2122 ληΐην
259 2037 314 2104 και
327 2034 367 2103 τά
382 2035 563 2124 ἀκροθίνια
577 2036 778 2126 ἀπέπεμψαν
792 2042 825 2119 ἐς
839 2038 1013 2126 Δελφοός,
1036 2037 1071 2102 ἐκ
1157 2047 1160 2051 ’

70 2142 135 2202 των
151 2135 281 2220 ἐγένετο
297 2131 437 2219 ἀνδριάς
450 2142 535 2223 ἔχων
550 2139 587 2205 ἐν
604 2144 644 2227 τῇ
657 2141 741 2226 χειρὶ
758 2135 967 2226 ἀκρωτήριον
983 2138 1070 2220 νεός,

68 2231 133 2302 ἐόν
150 2235 299 2319 μέγαθος
315 2234 467 2303 δυόδεκα
484 2237 633 2324 πηχέων·
655 2240 771 2326 ἔστηκε
787 2243 824 2307 δὲ
840 2231 938 2316 οὗτος
962 2240 1069 2324 τῇπερ

67 2329 85 2399 ὁ
104 2329 275 2399 Μακεδών
287 2330 500 2420 Ἀλέξανδρος
515 2334 692 2424 ὁχράσεος.
715 2339 910 2424 Πέμψαυτες
923 2337 958 2403 δὲ
969 2332 1073 2418 ἀκρο·
1090 2346 1139 2400 ιιι

67 2435 164 2497 θίνια
180 2430 375 2517 ολἝλληνες
392 2435 425 2510 ἐς
441 2431 600 2519 Δελφοὺς
614 2435 814 2521 ἐπειρώτεον
825 2431 886 2502 τόν
901 2430 987 2502 θεόν
999 2457 1071 2500 κοι-

67 2533 126 2614 νῇ,
150 2532 180 2595 εί
191 2527 354 2613 λελάβηκε
368 2529 496 2615 πλήρεα
516 2532 571 2599 καὶ
585 2529 707 2614 ἀρεστά
724 2528 766 2596 τά
781 2529 969 2615 ἀκροθίνια.
998 2527 1017 2597 ὁ
1035 2530 1076 2611 δέ,

67 2620 148 2710 παρ’
167 2621 337 2711 Ἑλλήνων
351 2628 413 2712 μὲν
426 2632 495 2693 τῶν
509 2624 621 2694 ἀλλων
633 2619 739 2712 ἐ’φησε
753 2633 857 2713 ἔχειν,
878 2624 957 2713 παρ’
973 2630 1071 2712 Alya-

66 2722 195 2806 νητέωυ
210 2722 246 2788 δὲ
263 2717 323 2809 οό,
340 2720 424 2792 ἀλλά
440 2723 574 2794 ἀπαίτεε
594 2723 719 2803 αὐτοὺς
732 2722 773 2791 τό
791 2722 944 2813 ἀριστήια
960 2731 1018 2810 τῆς
1034 2726 1071 2791 ἐν

66 2827 234 2906 Σαλαμῖνι
248 2828 439 2908 ναυμαχίης.
463 2828 639 2910 Αάμινῆται
653 2823 690 2889 δὲ
700 2821 890 2908 πυθόμενοι
904 2819 1071 2890 ἀνέδεσαν

66 2915 205 3004 ἀστέρας
217 2920 395 3005 χρυσέονς,
413 2926 449 2987 οδ
459 2922 511 2988 ἐπὶ
525 2925 620 2989 ίστοῦ
634 2923 777 3008 χαλκίον
791 2922 901 2988 ἑστᾶσι
916 2933 1004 3008 τρεῖς
1019 2921 1070 2986 ἐπὶ

66 3023 122 3102 τῆς
136 3025 276 3105 γωνίης,
293 3016 462 3104 ἀγχοτάτω
478 3026 540 3087 τοῦ
558 3026 709 3107 Κροίσου
722 3027 893 3106 κρητῆρος.
922 3017 1019 3085 Μετά
1035 3016 1071 3084 δὲ
1088 3027 1139 3082 ιιι

65 3113 127 3201 τὴν
140 3121 301 3205 διαίρεσιν
311 3123 369 3203 τῆς
377 3123 472 3205 ληίης
482 3123 612 3185 ἔπλωον
623 3123 657 3186 οί
662 3115 859 3202 Ἕλληνεςές
868 3113 928 3182 τόν
935 3111 1070 3199 Ἰσθμόν

65 3210 219 3299 ἀριστήια
230 3215 394 3294 δοόσοντες
404 3223 450 3305 τῷ
462 3212 630 3306 ἀξιωτάτῳ
640 3215 812 3305 νενομένρι
821 3211 989 3301 Ἑλλήνων
1004 3209 1069 3279 ἀνά

65 3309 125 3379 τόν
150 3309 299 3398 πόλεμον
321 3320 451 3382 τοῦτον.
492 3310 536 3391 ὡς
560 3316 596 3380 δὲ
619 3309 817 3399 ἀπικόμενοι
840 3315 874 3379 οί
894 3312 1070 3399 στρατηγοὶ

64 3413 256 3498 διενέμοντο
272 3408 331 3490 τάς
348 3412 483 3502 ψήφους
501 3414 555 3480 ἐπὶ
572 3407 635 3479 τοῦ
648 3416 879 3487 Ποσειδέωνος
889 3415 1079 3556 {36ka

1161 3566 1169 3623 I
