2378 3840
355 181 439 238 ΗΒ.
472 178 518 234 Vl.
552 179 650 235 CAP.
684 182 825 238 62-67.
1030 174 1068 236 87

63 344 163 410 όνδε·
182 339 420 427 ἁρμοσαμένου
436 340 641 420 Λευτυχίδεω
653 338 829 423 Πέρκαλον
845 336 907 423 τήν
922 343 1072 414 Χίλωνος

63 445 125 508 τοῦ
141 442 371 526 Δημαρμένου
385 435 557 521 θυγατέρα
573 429 590 498 ὁ
608 432 811 519 Δημάρητος
832 432 1071 519 ἐπιβουλεύσας

62 533 258 622 ἀποστερέει
279 539 486 620 Λευτυχίδην
502 537 563 598 τοῦ
578 531 711 617 γάμου,
737 530 873 617 φθάσας
893 527 993 609 αύτός
1010 529 1072 618 τήν

61 636 242 721 Πέρκαλον
258 633 410 717 ἁρπάσας
431 634 486 698 καὶ
501 628 590 715 σχών
605 643 764 714 γυναῖκα·
792 629 875 699 κατά
896 635 1071 717 τοῦτομὲν

63 737 112 821 τῷ
118 727 338 820 Λεοτυχίδηή
349 725 485 816 έχθρηή
497 731 530 806 ές
541 727 601 794 τόν
607 730 812 814 Δημάρητον
823 729 986 816 ἐγεγόνεε,
997 727 1070 796 τότε

64 828 103 896 δὲ
118 830 155 896 έν
167 835 227 915 τῆς
238 830 443 914 Κλεομένεος
452 823 673 912 προδυμίηςὸ
686 831 888 912 Λευτυχίδης
902 826 1070 913 κατόμνυ-

65 952 119 994 ται
133 924 358 1014 Δημαρήτου,
379 925 445 1011 φάς
460 921 564 991 αὐτόν
580 922 643 990 οὐκ
663 929 866 1010 ίκνεομένως
880 927 1070 1010 βασιλεύειν

63 1029 322 1112 Σπαρτιητέων,
338 1023 402 1093 οὐκ
417 1023 514 1092 ἐόντα
525 1029 627 1091 παῖδα
638 1022 841 1110 Ἀρίστωνος.
865 1021 946 1109 μετὰ
963 1023 1071 1109 δὲτὴν

64 1128 277 1208 κατωμοσίην
298 1125 413 1190 ἐδίωκε
434 1120 614 1203 ἀνασώζων
635 1123 741 1189 έκεῖνο
762 1118 800 1189 τό
824 1127 917 1209 ἔπος,
944 1122 982 1190 τό
1001 1122 1070 1190 εἶπε

58 1227 220 1309 Ἀρίστων
234 1223 325 1307 τότε,
340 1221 395 1290 ὅτε
410 1227 444 1291 οί
458 1221 625 1309 ἐξήγγειλε
639 1218 658 1288 ὁ
675 1223 801 1307 οἰκέτης
818 1227 919 1290 παῖδα
934 1224 1070 1308 γεγονέ-

63 1346 140 1405 ναι,
158 1318 231 1388 ὁδδ
246 1322 520 1408 συμβαλλόμενος
530 1316 609 1398 τούς
622 1326 728 1406 μῆνας
742 1316 916 1405 ἀπώμοσε,
931 1319 997 1406 φάς
1008 1319 1070 1388 οὐκ

64 1420 194 1486 ἑωυτοῦ
212 1444 272 1502 μιν
293 1417 389 1488 εἶναι.
399 1417 522 1486 τούτου
539 1414 579 1502 δή
595 1415 802 1503 ἐπιβατεύων
816 1423 877 1484 τοῦ
892 1415 1036 1504 ῥήματος
1051 1416 1069 1483 ὁ

66 1522 269 1603 Λευτυχίδης
280 1514 444 1602 ἀπέφαινε
454 1513 515 1583 τὸν
526 1518 732 1602 Δημάρητον
742 1513 819 1582 οὔτε
830 1517 863 1594 ίξ
876 1512 1069 1600 Ἀρίστωνος

63 1614 227 1700 γεγονότα
243 1613 320 1682 ούτε
336 1617 539 1700 ἱκνευμένως
558 1613 778 1700 βασιλεύοντα
795 1613 970 1698 Σπάρτης,
990 1610 1069 1690 τούς

64 1712 211 1799 ἐφόρους
221 1711 392 1798 μάρτυρας
405 1712 630 1798 παρεχόμενος
641 1714 807 1796 ἐκείνους,
823 1720 857 1779 οἳ
864 1712 940 1780 τότε
951 1718 1069 1796 έτυχον

64 1812 228 1898 πάρεδροί
246 1837 281 1877 τε
302 1810 411 1890 ἐόντες
436 1814 491 1878 καί
511 1804 714 1888 άκούόαντες
737 1818 839 1876 ταῦτα
862 1808 1066 1896 Ἀρίστωνος.

67 1914 169 1989 Τέλος
183 1912 220 1978 δὲ
235 1911 360 1978 έόντων
371 1912 446 1995 περὶ
460 1907 571 1976 αύτών
586 1912 725 1993 νεικέων
740 1913 830 1987 ἔδοξε
841 1907 1068 1994 Σπαρτιήτῃσι
1083 1910 1116 1963 66

64 2016 256 2096 ἐπείρεσθαι
270 2007 306 2076 τὸ
321 2009 521 2094 χρηστήριον
535 2005 572 2074 τό
586 2009 622 2074 έν
634 2016 815 2092 Δελφοῖσι,
831 2013 861 2074 εί
873 2003 1068 2092 Ἀρίστωνος

63 2119 114 2194 είη
134 2119 212 2184 παῖς
227 2103 245 2173 ὁ
260 2109 467 2192 Δημάρητος.
501 2105 658 2173 ἀνοίστου
673 2107 709 2173 δὲ
729 2108 913 2192 γενομένου
927 2109 964 2173 ἐκ
984 2130 1070 2191 προ-

64 2212 158 2290 νοίης
172 2210 229 2290 τῆς
245 2209 451 2291 Κλεομένεος
466 2208 499 2284 ές
513 2203 575 2291 τήν
588 2211 726 2290 Πυθίην
741 2206 889 2271 ἐνθαῦτα
904 2223 1069 2288 προσποι-

64 2307 152 2372 έεται
168 2305 357 2390 Κλεομένης
374 2303 520 2390 Κόβωνα
533 2301 593 2371 τόν
606 2300 883 2390 Ἀριστοφάντου,
905 2301 1012 2387 ἀνδρα
1032 2305 1068 2369 ἐν

67 2409 229 2486 Δελφοῖσι
246 2402 494 2469 δυναστεύοντα
511 2404 682 2487 μέγιστον,
699 2398 717 2467 ὁ
733 2400 769 2468 δὲ
784 2400 907 2487 Κόβων
923 2407 1069 2484 Περίαλ-

64 2507 128 2567 λαν
138 2495 200 2581 τήν
212 2498 399 2583 πρόμαντιν
412 2495 588 2566 ἀναπείθει
600 2495 640 2565 τά
647 2500 838 2582 Κλεομένης
848 2496 1003 2583 ἐβούλετο
1015 2506 1058 2564 λε·

62 2605 186 2684 γεσθαι
196 2597 314 2680 λέγειν.
335 2597 422 2663 οὕτω
434 2595 474 2683 δή
486 2595 629 2682 ήΠνθίη
643 2595 898 2681 ἐπειρωτώντων
909 2604 977 2662 τών
987 2607 1069 2662 θεο-

62 2695 206 2778 πρόπων
226 2699 336 2781 ἔκρινε
358 2694 403 2781 μή
421 2692 616 2781 Ἀρίστωνος
638 2692 722 2761 εἶναι
737 2692 942 2780 Δημάρητον
956 2699 1066 2760 παῖδα.

63 2791 193 2881 ὑστέρφ
207 2795 321 2877 μέντοι
334 2793 445 2885 χρόνῳ
456 2790 631 2860 ἀνάπυστα
647 2794 777 2876 ἐγένετο
794 2799 915 2878 ταῦτα,
933 2792 988 2858 καὶ
1000 2791 1070 2858 Κό-

62 2901 136 2977 βων
159 2914 194 2954 τε
219 2894 323 2975 ἔφυγε
350 2894 387 2958 έκ
406 2898 554 2977 Δελφῶν
577 2894 632 2958 καί
652 2899 821 2976 Περίαλλα
843 2890 864 2979 ή
885 2892 1069 2978 πρόμαντις

62 2987 198 3072 ἐπαύθη
211 2994 269 3075 της
282 2997 385 3076 τιμης.
422 2991 516 3057 Κατά
532 2991 595 3074 μὲν
615 2989 655 3076 δή
670 2989 732 3077 τήν
746 2990 951 3076 Δημαρήτου
967 2989 1070 3056 κατά-
1084 2997 1116 3050 οἵ

63 3107 191 3155 παυσιν
203 3095 261 3174 τῆς
275 3095 448 3176 βασιληίης
459 3087 548 3156 οὕτω
560 3091 707 3174 ἐγένετο,
722 3093 844 3173 ἔφευγε
857 3090 893 3156 δε
904 3087 1069 3173 Δημάρη-

62 3214 119 3266 τος
130 3190 167 3256 έκ
178 3188 337 3276 Σπάρτης
348 3192 382 3267 ές
392 3190 535 3275 Μήδους
546 3192 582 3256 ἐκ
594 3192 727 3256 τοιοῦδε
738 3185 897 3265 ὀνείδεος·
920 3184 1001 3272 μετά
1012 3193 1069 3271 τῆς

62 3296 237 3376 βασιληίης
257 3287 320 3375 τήν
339 3290 549 3360 κατώταυσιν
570 3285 587 3356 ὁ
603 3290 804 3376 Δημάρητος
826 3282 906 3375 ἦρχε
923 3290 1068 3372 αίρεθεὶς

62 3388 178 3476 ἀρχήν.
197 3381 284 3474 ήσαν
297 3389 359 3474 μὲν
371 3389 411 3475 δή
424 3394 675 3476 γυμνοπαιδίαι,
681 3389 871 3477 θηευμένου
880 3390 916 3456 δὲ
926 3398 1064 3475 τοῠΔη·
