2378 3840
325 170 408 226 ΗΒ.
441 169 487 225 VL
522 168 620 226 CAP.
651 171 812 228 98—103.
1009 164 1072 227 103

22 334 24 341 ’
68 332 254 409 λάσσεσθαί
260 346 367 415 σφεας
378 327 413 406 ές
427 323 490 413 τῆν
501 325 677 412 σφετέρην,
696 328 753 392 ἵνα
763 324 808 414 μῆ
826 326 1072 412 προσαπόλων-

36 464 51 497 ο
65 457 129 501 ται.
153 433 188 498 ολ
199 429 236 498 δέ
248 424 423 514 Ἀθηναῖοι
432 430 537 493 ταῦτα
547 428 688 511 Αἰσχίνῃ
697 424 988 512 συμβουλεύσαντι
997 431 1074 492 πεί·
1147 429 1159 450 ‘'

64 539 197 599 θονιαι.
242 525 308 595 Καὶ
326 515 422 592 οὗτοι
440 522 503 610 μέν
524 522 699 610 διαβάντες
721 523 755 600 ές
772 520 928 610 Ὠρωπόν
949 528 1072 624 έσφζον
1090 545 1141 600 101

64 629 173 715 σφέας
183 622 324 712 αὐτοὺς,
339 629 375 694 σί
381 627 418 693 δέ
427 626 555 711 Πέρσαι
570 623 738 702 πλέοντες
753 628 912 711 κατέσχον
923 618 1073 704 τάςνέας

64 731 124 813 τῆς
132 721 317 811 Ἐρετρικῆς
328 721 438 810 χάρης
451 719 536 791 κατά
549 721 706 806 Ίαμάυας
721 723 776 788 καὶ
789 725 930 807 Χοιρέας
943 700 1001 791 Ᾱὶ
1009 728 1073 791 Λί-

65 830 174 911 γίλια,
188 819 408 908 κατασχόντες
422 821 459 890 δέ
473 822 507 899 ές
520 825 624 887 ταῦτα
643 815 684 886 τά
697 824 801 904 χωρία
816 816 935 887 αὐτίκα
948 821 1074 899 ἵππους

64 947 102 990 τε
122 919 338 1009 ἐξεβάλλοντο
358 919 415 986 καὶ
434 916 720 1004 παρεσκευάζοντο
748 913 792 995 ὡς
814 918 1073 1004 προσοισόμενοι

64 1032 154 1089 τοῖσι
167 1019 326 1106 έγθρολσι.
348 1020 383 1084 οί
391 1015 428 1083 δέ
440 1012 615 1099 Ἐρετριέες
629 1016 820 1093 ἐπεξελθεῖν
830 1015 893 1100 μέν
902 1017 958 1083 καί
972 1019 1073 1100 μαχέ-

65 1127 195 1189 σασθαι
207 1113 271 1186 οὐκ
291 1117 464 1184 ἐποιεῦντο
481 1112 626 1203 βουλῆν,
646 1123 680 1181 εί
696 1139 762 1192 κως
779 1113 816 1180 δέ
833 1112 1075 1200 διαφυλάξαιεν

64 1217 108 1289 τά
120 1223 239 1305 τείχεα,
253 1214 377 1286 τούτου
390 1236 451 1301 σφι
469 1213 544 1300 πέρι
562 1216 673 1297 ἔμελε,
694 1212 800 1279 έπείτε
817 1217 910 1283 ένέιια
923 1212 967 1301 μὴ
984 1217 1076 1282 έκλι-

65 1330 146 1386 πελν
157 1311 220 1400 τῆν
232 1313 342 1385 πόλιν.
364 1318 553 1401 προσβολῆς
566 1316 603 1380 δε
619 1319 797 1399 γινομένης
814 1322 975 1400 καρτερῆς
990 1311 1075 1399 πρὸς

65 1410 104 1485 τό
120 1425 226 1498 τεῖχος
240 1416 379 1479 ἔπιπτον
392 1413 446 1480 έπλ
465 1414 497 1491 ἓξ
511 1407 635 1497 ἡμέρας
654 1414 771 1478 πολλοὶ
786 1411 848 1496 μέν
863 1409 1074 1498 ἀμφοτέρων,

65 1518 107 1600 τῆ
124 1508 162 1577 δέ
178 1504 303 1596 ἑβδόμη
316 1506 499 1595 Εὔφορβός
512 1533 547 1575 τε
565 1505 793 1595 δἈλκιμάχου
804 1513 859 1579 καὶ
874 1516 1041 1597 Φίλαγρος
1055 1505 1074 1578 ὁ

66 1610 206 1694 Κυνέου,
229 1603 350 1691 ἀνδρες
369 1612 438 1673 τάν
459 1602 571 1672 ἀστόν
592 1605 740 1693 δόκιμοι,
767 1612 967 1694 προδιδοῦσι
990 1622 1077 1675 τοῖσι

65 1710 226 1797 Πέρσησι
250 1710 285 1775 ολ
297 1705 333 1773 δέ
347 1702 541 1785 ἐσελθόντες
552 1706 585 1784 ές
595 1701 658 1791 τῆν
668 1706 769 1773 πόλιν
778 1714 878 1800 τοῦτο
889 1709 951 1794 μὲν
964 1707 1003 1775 τά
1019 1705 1076 1796 ίρά

67 1808 275 1896 συλήσαντες
295 1807 499 1892 ἐνέπρησαν,
523 1800 764 1890 ἀποτινύμενοι
782 1813 851 1872 τῶν
874 1810 912 1874 έν
931 1808 1077 1894 Σάρδισι

67 1905 353 1993 κατακαυθέντων
368 1907 467 1990 ίράν,
482 1909 581 1970 τοῦτο
596 1903 633 1970 δέ
643 1899 723 1980 τούς
733 1899 939 1989 ἀνθρώπους
949 1902 1077 1992 ῆυδρα·

67 2009 251 2075 ποδίσαντο
265 1999 349 2069 κατά
364 1998 423 2079 τάς
433 2006 583 2086 Δαρείου
596 2000 740 2079 έντολάς.
771 2001 1023 2089 Χειρωσάμευοι
1041 2005 1078 2071 δέ
1093 2024 1146 2077 102

65 2103 131 2192 τῆν
150 2100 318 2188 Ἐρέτριαν
334 2103 390 2170 καὶ
412 2103 600 2186 ἐπισχόντες
618 2097 731 2186 ὀλίγας
746 2097 871 2188 ἡμέρας
892 2107 1023 2171 έπλωου
1044 2105 1079 2183 ές

68 2202 134 2290 τῆν
142 2197 310 2285 Ἀττικὴν,
328 2200 542 2285 κατέργοντές
555 2224 591 2267 τε
604 2197 731 2267 πολλόν
743 2203 798 2267 καί
813 2203 984 2280 δοκέοντες
994 2200 1078 2269 ταά-

67 2298 111 2371 τόι
134 2296 214 2376 τοάς
236 2296 435 2384 Ἀθηναίους
455 2298 625 2384 ποιήσειν,
653 2297 693 2362 τά
715 2300 771 2363 καὶ
794 2296 872 2376 τούς
897 2297 1079 2386 Ἐρετριέας

67 2403 248 2484 ἐποίησαν,
262 2396 317 2463 καὶ
325 2387 370 2482 ῆν
380 2392 445 2481 γάρ
457 2391 475 2462 ὁ
488 2393 670 2482 Μαραθὼν
681 2397 944 2481 ἐπιτηδεότατον
954 2403 1079 2486 χωρίον

67 2503 129 2582 τῆς
140 2492 287 2578 Ἀττικῆς
301 2494 497 2560 ένιππεῦσαι
512 2497 567 2563 καί
584 2491 754 2580 ἀγχοτάτω
767 2502 825 2579 τῆς
842 2493 1023 2584 Ἐρετρίης,
1045 2499 1079 2575 ές

67 2591 171 2663 τοῦτό
189 2610 250 2677 σφι
264 2592 440 2675 κατηγέετο
451 2588 578 2676 Ἱππίης
592 2589 610 2658 ὁ
627 2591 880 2678 Πεισιστράτου.
907 2590 1081 2680 Ἀθηναῖοι
1096 2609 1148 2665 10³

69 2697 108 2764 δὲ
124 2691 169 2770 ὦς
183 2691 353 2761 έπάθοντο
368 2697 488 2777 ταῦτα,
520 2687 668 2774 έβάθεον
694 2693 748 2758 καὶ
764 2688 860 2760 αὐτοὶ
875 2695 908 2771 ές
923 2690 983 2760 τόν
997 2701 1080 2761 Μα-

70 2798 223 2879 ραθῶνα.
244 2781 329 2877 ἦγον
344 2789 385 2856 δέ
396 2806 501 2875 σφεας
515 2791 693 2874 στρατηγοὶ
708 2788 804 2874 δέκα,
824 2794 893 2856 τάν
909 2785 927 2857 ὁ
942 2794 1080 2868 δέκατος

69 2884 116 2979 ῆν
126 2887 331 2974 Μιλτιάδης,
344 2893 407 2954 τοῦ
422 2885 482 2954 τὸν
496 2889 621 2973 πατέρα
632 2893 772 2970 Κίμωνα
782 2882 843 2954 τόν
853 2886 1079 2972 Στησαγόρεω

71 2991 233 3074 κατέλαβε
249 2998 372 3072 φυγεῖν
395 2986 428 3065 ἐξ
444 2981 615 3071 ’Λθηυέων
630 2987 871 3070 Πεισίστρατον
891 2982 951 3051 τόν
965 2982 1080 3051 Ἱππο-

71 3088 220 3172 κράτεος.
247 3085 303 3153 καί
322 3079 413 3174 αὐτῷ
429 3082 592 3170 φεύγοντι
609 3080 814 3168 Ὀλυμπιάδα
829 3078 1010 3150 ἀνελέσθαι
1024 3105 1081 3149 τε-

70 3191 211 3276 θρίππρι
225 3186 366 3272 συνέβη,
387 3186 443 3253 καὶ
455 3184 582 3270 ταύτην
600 3186 662 3269 μὲν
678 3180 740 3268 τῆν
759 3187 857 3266 νίκην
874 3177 1082 3267 ἀνελόμενόν

71 3311 132 3372 μιν
143 3279 249 3350 τάοτὸ
265 3285 494 3363 ἐξενείκασθαι
507 3287 553 3372 τῷ
568 3279 757 3371 ὁμομητρίῳ
769 3275 920 3370 ἀδελφεῷ
933 3278 1081 3348 Μιλτιά-

72 3387 125 3471 δη.
155 3377 235 3468 μετά
254 3381 346 3471 δὲ’τῆ
366 3379 489 3471 ὑστέρη
507 3378 704 3467 Ὀλυμπιάδι
721 3384 795 3468 τῆσι
810 3373 929 3466 αὐτῇσι
948 3379 1082 3445 ἵπποισι
