2378 3840
312 218 400 276 ιιε.
432 216 503 295 vm.
538 217 638 276 w.
669 224 813 281 ει-εε.
1004 219 1066 284 2³7

68 385 171 445 λαντα
186 374 365 463 ἀργυρίου,
387 376 442 444 καλ
457 372 538 461 ὑμῖν
554 371 792 464 ὑποδεκόμεθα
805 378 847 447 τὰ
862 377 1000 450 ἐπιόντα
1014 383 1067 452 ἐπλ

66 472 128 563 τὴν
136 472 249 562 χόρην
259 470 469 562 ἀποτρέψειν
490 473 603 541 Ταῦτά
613 492 674 561 σφι
685 477 973 563 ἐπηγγέλλονιοοί
980 486 1067 548 Θεσ-
1078 491 1117 546 δο

65 575 169 641 σαλοί.
192 575 227 640 οί
239 567 304 660 γὰρ
316 570 449 651 Φωκέες
458 595 581 658 μοννοι
596 578 665 640 τῶν
679 599 784 664 ταοτη
795 571 1042 661 ανθρώπων
1002 600 1065 645 ονκ

64 670 233 758 ἐμήδιζον,
249 695 311 738 κατ
314 667 422 740 ’ἄλλο
436 671 499 757 μὲν
512 667 630 757 οὐδέν,
652 669 696 751 εδς
710 671 775 758 ἐγοδ
792 673 1067 764 συμβαλλόμενος

65 765 224 855 εὑρίσκω,
241 793 324 836 κατα
312 763 426 837 *³03
391 792 429 836 το
449 765 597 855 ἐχθος“
562 793 600 836 το
619 776 816 840 Θεσσαλῶν·
838 777 869 840 εί
884 773 920 841 δέ
936 780 1065 842 Θεσσα-

63 863 166 936 202*
129 893 170 935 τα
179 863 349 954 Ἑλλήνων
362 861 485 956 αόξον,
500 864 546 947 ὡς
559 869 631 955 ἐμοί
646 871 786 956 δοκέειν,
804 868 997 958 ἐμήδιζον“
974 899 1019 940 αν
1033 876 1068 940 οί

63 967 203 1046 Φωκέες.
223 972 328 1035 ταῦτα
342 968 638 1054 ἐπαγγελλομένων
651 965 889 1036 Θεσσαλόν”
847 992 924 1036 οντε
943 970 1066 1038 δαίσειν

63 1071 194 1151 ἔφασαν
207 1065 357 1152 χρήματα
368 1069 526 1152 παρέχειν
536 1065 576 1134 τέ
581 1083 643 1152 σφι
655 1073 853 1135 Θεσσαλοῖσι
868 1064 991 1154 ὁμοίως
1000 1092 1065 1154 μη-

63 1168 179 1249 δίζειν,
203 1169 233 1232 εί
251 1162 358 1245 ἄλλως
378 1168 572 1252 βουλοίατο·
594 1159 670 1232 ἀλλ’
691 1159 755 1233 οόκ
775 1168 913 1235 έσεσδαι
933 1164 1065 1244 ἐνόντες

65 1261 149 1330 εῖναι
164 1262 325 1347 προδόται
344 1268 402 1350 τῆς
415 1259 581 1341 Ἑλλάδος.
616 1258 746 1350 Ἐπειδὴ
761 1263 798 1331 δὲ
814 1258 1064 1350 ἀνηνείχθησαν
1077 1279 1111 1335 31

63 1352 157 1428 οὗτοι
172 1364 206 1430 οί
217 1360 329 1448 λόγοι,
348 1359 436 1430 οὕτω
452 1357 492 1447 δὴ
507 1363 543 1428 οί
557 1362 720 1430 Θεσσαλοί
736 1362 958 1448 κεχολωμένοι
977 1373 1063 1429 τοίσι

62 1463 217 1526 Φωκεῦσι
238 1459 391 1544 ἐγένοντο
411 1455 574 1546 ἡγεμόνες
586 1463 634 1550 τῷ
649 1458 810 1550 βαρβόρω
824 1465 882 1545 τῆς
902 1456 994 1528 ὁδοῦ.
1025 1460 1063 1525 ἐκ

61 1552 123 1641 μέν
137 1551 232 1642 δὴ
193 1580 250 1641 της
269 1561 444 1643 Τρηχινίης
458 1553 541 1635 ές“
504 1579 568 1642 την
581 1559 720 1641 Δωρίδα
734 1556 903 1642 ἐσέβαλον.
924 1562 983 1644 τῆς
996 1551 1062 1643 γὰρ

62 1657 214 1738 Δωρίδος
231 1654 340 1742 χόρης
360 1653 494 1724 ποδεων
514 1652 646 1733 στεινός
665 1652 770 1774 ταότη
789 1653 1041 1745 κατατείνει,
1018 1683 1063 1736 ως

63 1748 240 1837 τριήκοντα
260 1754 404 1820 σταδίων
424 1750 567 1836 μάλιστά
580 1775 624 1839 κη
639 1742 754 1836 εὖρος,
777 1756 928 1838 κείμενος
942 1750 1064 1839 μεταξὺ

62 1873 118 1932 της
129 1873 164 1915 τε
175 1851 329 1933 Μηλίδος
349 1853 405 1920 καλ
426 1874 484 1934 τηε
495 1851 646 1925 Φωκίδος
655 1870 774 1932 χωρης
792 1841 879 1933 ἥπερ
895 1875 940 1936 ην
950 1875 988 1918 το
999 1872 1065 1917 πα

61 1944 158 2016 λαιὸν
171 1952 340 2032 Δρυοπίς·
366 1975 389 2034 η
375 1944 442 2016 δέ
461 1946 552 2034 χόρη
572 1944 659 2032 αὕτη
680 1947 748 2014 ἐστὶ
767 1944 971 2065 μητρόπολις
983 1956 1064 2017 Δω-

62 2047 161 2130 ριεων
173 2071 247 2114 των
253 2048 291 2114 ἐν
300 2044 557 2139 Πελοποννησω
578 2044 704 2132 ταύτην
716 2068 765 2112 ων
775 2069 838 2131 την
848 2047 1042 2132 Δωρίδα
999 2070 1064 2163 γην

60 2142 123 2212 οὐκ
140 2145 292 2212 ἐσίναντο
307 2142 504 2233 ἐσβαλόντες
518 2170 536 2213 ο
538 2143 748 2232 ίβόρβαροι·
775 2141 931 2230 ἐμήδιζόν
949 2167 985 2211 τε
997 2138 1063 2229 γὰρ

60 2244 115 2310 καὶ
129 2237 192 2311 οὐκ
204 2242 317 2312 ἐδόκεε
326 2251 533 2313 Θεσσαλοίσι.
546 2239 610 2408 ἑόδς
624 2239 661 2310 δδ
670 2242 762 2309 έκ
721 2266 781 2328 της
791 2243 945 2327 Δωρίδος
956 2236 1036 2318 ἐς“
998 2265 1062 2326 την
1076 2248 1111 2304 δν

59 2343 196 2407 Φωκίδα
206 2337 430 2428 ἐσέβαλον,
387 2338 511 2420 αντούς
521 2367 544 2427 μ
546 2341 672 2418 ντους
679 2335 868 2417 Φωκέας
828 2364 891 2408 ουκ
902 2338 1060 2423 αἱρέουσι.

60 2440 94 2502 οί
108 2434 170 2520 μὲν
186 2434 251 2524 γὰρ
266 2445 334 2505 τῶν
349 2438 495 2508 Φωκέων
504 2442 538 2521 ἐς
545 2438 585 2510 τό
599 2438 684 2526 ἄκρα
693 2443 754 2508 τοῦ
764 2441 972 2527 Παρνησσοῦ
983 2431 1063 2504 ἀνέ-

58 2539 167 2620 βησαν
187 2539 267 2602 ’ἐστι
288 2535 324 2602 δέ
341 2536 397 2602 καὶ
411 2535 564 2621 ἐπιτηδέη
580 2534 741 2612 δέξασθαι
755 2529 876 2616 ὅμιλον
890 2538 952 2600 τοῦ
965 2538 1062 2614 Παρ-

58 2637 165 2716 νησοῦ
178 2626 199 2717 ἡ
213 2628 358 2719 κορυφὴ,
373 2628 456 2700 κατὰ
467 2636 590 2700 Νέωνα
600 2630 701 2698 πόλιν
711 2633 847 2716 κειμένη
859 2626 911 2698 ἐπ’
925 2631 1060 2716 ἑωυτῆς,

61 2729 208 2815 Τιθορέα
223 2727 353 2816 οὕνομα
367 2726 463 2816 αὐτῇ,
478 2730 512 2808 ἐς
525 2724 587 2815 τὴν
604 2725 644 2814 δὴ
660 2725 881 2814 ἀνηνείκαντο
896 2729 952 2796 καί
965 2723 1060 2796 αὐτοὶ

57 2823 327 2914 όνέβησαν·,ίδο
326 2827 495 2906 πλεῦνες
505 2822 618 2895 αὐτῶν
629 2828 663 2906 ἐς
672 2822 752 2905 τούς
764 2821 895 2907 Ὀξόλας
906 2822 1060 2911 Λοκροὺς

57 2926 305 3012 ἐξεκομίσαντο,
329 2923 391 3005 ἐς”
381 2933 567 3013 Αμφισσαν
586 2919 742 2994 πόλιν“
706 2949 769 3012 την
787 2921 874 3007 ὑπὲρ
894 2928 957 2992 τοῦ
973 2930 1059 3011 Κρι-

56 3026 154 3089 σαίον
167 3026 335 3092 πεδίονί
300 3045 318 3091 ο
320 3026 504 3111 ίκεομένην.
526 3028 561 3093 οί
546 3023 608 3092 ίδέ
619 3020 831 3112 βόρβαροι“
795 3048 858 3143 την
868 3021 983 3110 χεόρην
993 3027 1061 3089 πᾶ-

56 3139 120 3187 σαν
140 3119 384 3208 έπέδραμον“
347 3147 411 3244 την
425 3125 577 3193 Φωκίδα·
606 3122 770 3191 Θεσσαλοί
785 3119 852 3209 γὰρ
866 3117 957 3188 οὕτω
973 3111 1058 3208 ἦγον

54 3213 116 3286 τόν
129 3219 288 3303 στρατόν·
315 3218 422 3291 ὁκόσα
440 3220 478 3290 δέ
492 3222 647 3307 ἐπέσχον,
666 3216 777 3286 πάντα
796 3219 983 3382 ἐπέφλίεγοκ
1002 3218 1058 3286 καὶ

54 3319 197 3403 ἔκειρον,
212 3319 268 3384 καί
278 3315 359 3396 ἐς“
322 3343 381 3397 τας
393 3316 488 3397 πόλις
498 3317 641 3396 ἐνιέντες
650 3321 719 3403 πῦρ
733 3315 789 3384 καί
798 3310 880 3394 ἐς“
842 3339 883 3383 τα
894 3311 961 3402 ίρό.
982 3319 1055 3383 110-
1070 3321 1106 3380 ³3

53 3413 232 3502 ρενόμενωι
247 3410 314 3501 γὰρ
327 3415 432 3506 ταότη
444 3413 536 3503 παρὰ
548 3411 609 3485 τόν
627 3408 783 3500 Κηφισόν
799 3408 953 3497 ποταρδν
968 3412 1059 3490 ἐδερ-
