2378 3840
118 179 181 242 292
495 180 745 238 HERODOTI

69 362 100 414 11
120 340 293 427 Σπάρτης,
316 343 350 407 οί
362 339 398 408 δέ
413 338 565 425 ἄγγελοι,
588 335 632 416 ὡς
645 333 751 425 ήμέρη
766 337 935 426 ἐγεγόνεε,
956 335 1062 409 οὐδὲν
1083 345 1130 410 εί·

119 440 212 518 δότες
226 441 301 524 περὶ
311 445 369 526 τῆς
383 438 500 518 ἐξόδου
515 437 665 521 ἐπῆλθον
677 440 729 504 ἐπὶ
742 433 822 514 τοὺς
835 434 992 523 ἐφόρους,
1008 439 1048 506 ἐν
1059 438 1128 530 νόμ

119 541 139 602 δ
141 533 158 622 6
171 538 299 623 ἔχοντεςΙ
311 533 585 604 ἀπαλλάσσεσθαι
596 535 652 602 καὶ
663 532 758 602 αὐτοὶ
768 534 822 601 ἐπὶ
831 531 894 621 τήν
906 536 1036 604 ἐωυτοῦ
1048 538 1129 603 ἕκα-

118 653 210 712 στος·
233 633 431 711 ἐπελθόντες
448 634 485 700 δὲ
501 637 618 718 ἔλεγον
631 632 727 699 τάδε·
749 629 856 715 Ὑμεῖς
869 634 948 721 μέν,
968 626 996 701 6
1013 641 1128 704 Λακε-

119 733 302 818 δαιμόνιοι,
324 728 429 799 αὐτοῦ
442 734 521 820 τῇδε
537 733 694 816 μένοντες
712 727 889 798 Ὑακίνθιά
904 757 941 799 τε
958 728 1059 817 άγετε
1073 735 1127 802 καλ

116 834 259 915 παίζετε,
278 828 543 918 καταπροδόντες
556 824 636 907 τούς
657 827 868 914 συμμάχους·
897 824 1078 916 Ἀθηναῖοι
1092 831 1126 900 δέ

117 925 160 1004 ὡς
176 924 387 1013 ἀδικεόμενοι
401 924 468 994 ὑπὸ
484 924 607 1013 ὑμέων,
623 925 698 1014 χήτι
712 951 748 994 τε
765 925 959 1016 συμμάχων,
975 931 1125 999 καταλά-

116 1044 231 1091 σονται
244 1031 291 1115 τῷ
305 1029 419 1111 Πέρση
435 1022 540 1109 οὕτω,
558 1022 646 1103 ὅκως
662 1019 706 1090 άν
722 1022 901 1094 δύνωνται.
930 1026 1123 1096 καταλυσά-

114 1150 210 1211 μενοι
229 1125 282 1189 δέ·
301 1125 388 1208 δῆλα
413 1119 478 1209 γάρ
504 1117 555 1188 ὅτι
580 1119 746 1206 σύμμαχοι
770 1125 922 1206 βασιλέος
941 1124 1121 1210 γινόμεθα.

114 1220 430 1307 συστρατευσόμεθα
444 1222 497 1289 ἐπὶ
512 1218 574 1306 τήν
592 1215 636 1286 άν
651 1222 772 1286 ἐκεῖνοι
789 1220 997 1303 ἐξηγέωνται.
1029 1220 1123 1309 ὑμεῖς

112 1321 150 1388 δὲ
164 1319 201 1388 τὸ
217 1323 379 1390 ἐνθεῦτεν
390 1323 605 1409 μαθήσεσθε,
626 1318 742 1389 ὁκοῖον
762 1316 806 1385 άν
818 1345 850 1386 τι
864 1317 945 1407 ὑμῖν
966 1324 1000 1403 ἐξ
1016 1320 1121 1392 αὐτοῦ

113 1423 259 1508 ἐκβαίνῃ.
287 1427 399 1489 Ταῦτα
415 1421 585 1508 λεγόντοιν
598 1425 667 1488 τάν
678 1415 831 1505 ἀγγέλων
846 1424 880 1487 οί
889 1425 1009 1509 ἐφοροι
1025 1422 1122 1492 εἶπαν

113 1514 164 1584 ἐπ’
189 1515 295 1603 ὅρκου
309 1523 364 1587 καλ
385 1517 426 1604 δή
441 1520 571 1588 δοκέειν
587 1515 673 1586 εἶναι
683 1518 722 1584 έν
739 1512 910 1608 Ὀρεστείῳ
931 1525 1121 1606 στείχοντας

113 1615 165 1680 ἐπὶ
179 1611 258 1692 τούς
273 1619 417 1694 ξείνους·
441 1621 568 1697 ξείνους
584 1611 650 1702 γάρ
665 1613 805 1682 ἐκάλεον
819 1611 898 1694 τοὺς
914 1618 1118 1705 βαρβάρους.

112 1717 148 1780 ολ
159 1716 194 1780 δὲ
211 1710 254 1792 ὡς
269 1712 331 1782 οὐκ
344 1714 467 1795 είδότες
478 1716 677 1801 ἐπειρώτεον
687 1709 725 1782 τὸ
737 1712 931 1803 λεγόμενον,
944 1716 1121 1804 ἐπειρόμε-

112 1834 166 1877 νοι
181 1811 244 1879 δὲέ
226 1812 392 1934 ἐξέμαθρν
404 1810 521 1882 πάντό
533 1811 606 1899 ἐόυ,
625 1811 710 1880 ὥστε
735 1811 772 1878 ἐν
797 1807 928 1896 θάματι
941 1814 1120 1900 γενόμενοι
1160 1854 1166 1929 ἰ

112 1909 313 1994 ἐπορεύοντο
323 1909 386 2000 τήν
396 1920 550 1999 ταχίστην
565 1913 759 1989 διάκοντες·
782 1908 848 1978 σὺν
857 1914 896 1978 δέ
905 1930 966 1998 σφι
977 1920 1051 1980 τῶν
1061 1940 1120 1983 πε-

111 2012 249 2124 ριοίκριν
263 2014 538 2097 Λακεδαιμονίων
552 2011 692 2096 λογάδες
706 2015 974 2094 πεντακισχίλιοι
985 2007 1119 2081 ὁπλῖται

110 2100 216 2170 τώυτὸ
232 2112 331 2173 τοῦτο
347 2110 493 2177 ἐποίευν.

63 2225 95 2276 12
196 2206 240 2269 06
247 2206 310 2289 μὲν
322 2204 362 2294 δή
376 2204 452 2285 ἐς
418 2233 479 2274 τον
492 2204 661 2293 Ἰσθμόν’
641 2214 829 2325 ηπείγοντο,
833 2203 976 2296 Αργειοι
982 2208 1024 2278 δὲ
1032 2213 1109 2280 ἐπε
1094 2216 1119 2280 ί-

110 2324 144 2366 τε
158 2298 291 2384 τάχιστα
303 2305 472 2373 ἐπύθοντο
483 2303 562 2383 τοὺς
574 2332 655 2391 μετα
644 2303 820 2374 Παυσαν
819 2330 863 2373 εω
874 2308 1161 2392 ἐξεληλυθότας

110 2402 146 2464 ἐκ
144 2398 328 2520 Σπάρτης,
342 2407 510 2491 πέμπουσι
524 2405 656 2493 κήρυκα
669 2413 739 2476 τῶν
752 2405 1035 2495 ἡμεροδρόμων
1015 2437 1120 2478 ανευ·

110 2495 226 2578 ρόντες
236 2494 296 2565 τὸν
306 2497 443 2587 άριστον
452 2500 530 2581 ἐς
494 2529 556 2590 την
569 2502 727 2590 Αττικήν,
735 2528 900 2591 προτερον
911 2501 1119 2595 αντοδΜαρ-

111 2598 188 2660 δον
163 2621 212 2685 ομ
224 2593 466 2685 ὑποδεξάμενοι
481 2603 616 2722 σχήσειν
626 2598 688 2669 τόν
697 2601 913 2689 Σπαρτιήτην
928 2629 973 2690 μη
961 2599 1119 2684 ἐξιέναι.

110 2691 147 2771 ὃς
169 2697 243 2762 ἐπεί
228 2700 276 2762 ίτε
297 2692 431 2768 ἀπίκετο
447 2699 529 2779 ἐς
493 2727 552 2780 τας
562 2699 724 2821 Ἀθήνας,
743 2708 835 2786 ἐλεγε
849 2703 945 2770 τάδε
970 2704 1159 2793 Μαρδό-·

108 2816 160 2858 υιε
168 2794 346 2878 ,ἔπεμψάν
359 2823 401 2880 με
412 2794 553 2918 Ἀργείοι
570 2799 745 2886 φράσοντά
760 2825 822 2921 τοι,
837 2797 889 2867 ότι
902 2803 940 2867 ἐν
949 2808 1118 2870 Λακεδαί-

109 2911 212 2972 μονος
232 2891 453 2978 ἐξελήλυθε
436 2921 457 2980 η
479 2897 613 2983 νεότης,
640 2895 737 2965 καὶ”
716 2923 760 2975 ως
783 2894 825 2966 06
849 2902 987 2967 δυνατοὶ
1010 2898 1121 2986 αὐτὴν

110 2995 215 3071 ι”σχειν
230 2993 260 3055 εί
247 2985 311 3056 ίσὶ’
306 2997 444 3076 Αργειοι
458 2990 503 3078 μὴ
520 2992 582 3062 οὐκ
599 2996 728 3075 ἐξιέναι
757 2992 841 3080 πρὸς
854 3002 959 3063 ταῦτα
972 2998 1121 3085 τύγχανε

110 3078 148 3151 εὗ
168 3086 423 3172 βουλευόμενος.
452 3088 565 3177 Ὁμεν
586 3089 627 3180 δή
650 3101 744 3170 είπας
764 3099 869 3160 ταῦτα
883 3090 1120 3165 ἀπαλλάσσετο

64 3202 95 3254 13
110 3180 215 3252 ὀπίσω
223 3187 452 3274 ,Μαρδόνιος
467 3188 504 3257 δέ
518 3187 673 3278 οὐδαμως
687 3196 736 3259 ἐτι
749 3189 927 3275 πρόθυμος
944 3183 988 3277 ἦν
1002 3195 1122 3279 μένειν

110 3286 146 3350 ἐν
160 3292 199 3373 τη
210 3283 393 3376 Ἀττική*
371 3314 416 3366 ως
429 3284 554 3375 ἤκουσε
568 3297 681 3359 ταῦτα.
710 3292 791 3375 πρὶν
804 3291 867 3376 μέν
882 3316 949 3358 υνν
965 3286 988 3377 6
1007 3297 1119 3362 πυθέ·

105 3390 206 3469 σθαι,
233 3379 420 3473 άνεκάχενε
447 3387 575 3456 ἐθέλων
601 3389 724 3456 είδέυαι
749 3384 787 3455 τὸ
809 3384 889 3474 παρ’
914 3383 1120 3479 Ἀθηναίων,

42 3494 193 3616 ’1
