2378 3832
308 199 396 257 LIB.
429 201 487 256 vll.
522 200 621 259 GAP.
655 208 820 267 116—121
1016 207 1074 271 l'll

69 360 173 421 ταῦτα
187 358 227 443 μὲ
227 383 249 422 ν
259 358 351 449 αύτφ
361 384 397 426 τε
407 363 539 446 βασιλέι·
547 359 603 426 καί
613 374 699 428 τοῖσι
712 361 896 480 ὁμοσίτοισι
907 392 967 452 μετ
969 365 1076 437 ’ἐκεί-

67 476 133 519 του
147 454 339 542 έπεποίητο,
353 483 393 545 τῃ
379 455 446 524 δὲ
462 455 546 545 ἀλλῃ
560 465 697 579 στρατιῇ
712 485 752 525 τα
743 458 802 539 ές
816 458 951 582 φορβῃν
964 468 1075 548 μοῦνα

66 549 264 638 τασσόμενα.
286 551 372 634 ὅκως
387 555 424 623 δὲ
437 553 620 624 ἀπίκοιτο
602 583 624 643 η
639 555 787 645 στρατιὴ,
804 579 910 648 σκῃνῃ
899 558 988 647 μὲν
999 566 1075 630 έσκε

66 665 235 738 πεπηγυῖα
250 654 378 741 ἑτοίμη,
394 652 473 732 ές
437 680 500 741 την
514 652 615 734 αύτὸς
625 654 781 744 σταθμὸν
791 661 979 727 ποιεέσκετο
990 662 1074 745 Ξέρ-

67 746 178 835 ξης,
161 774 183 836 ῃ
201 749 238 818 δ
255 749 339 838 άλλη
357 752 491 841 στρατιὴ
511 760 586 822 ἔσκε
606 751 847 842 ὑπαίθριος.“
826 784 869 836 ως
884 761 920 825 δὲ
934 763 1073 826 δείπνου

66 853 193 934 γίνοιτο
209 847 290 936 ὅρη,
307 854 341 918 οί
348 855 412 938 μὲν
422 852 598 940 δεκόμενοι
609 859 745 940 ἔχεσκον
756 854 876 939 πόνον,
892 861 925 924 σι’
938 860 974 923 δὲ
984 854 1073 935 όκως

64 947 272 1031 πλησθέντες
286 946 393 1016 νύκτα
414 947 520 1018 αὐτοῦ
535 948 712 1036 ἀγάγοιεν,
734 957 774 1038 τῇ
788 949 945 1040 ὑστεραίῃ
961 952 1023 1040 τήν
1037 978 1074 1021 τε

64 1045 196 1130 σκηνὴν
206 1041 460 1127 ἀνασπάσαντες
469 1050 524 1116 καί
534 1046 575 1116 τά
587 1053 708 1116 ἔπιπλα
720 1047 829 1116 πάντα
840 1048 999 1136 λαβόντες
1010 1048 1073 1117 οὕ-

64 1167 111 1207 τω
136 1139 406 1233 ἀπελαύνεσκον,
434 1152 603 1226 λείποντες
634 1140 738 1213 σόδὲν
770 1143 854 1214 ἀλλά
879 1147 1070 1233 φερόμενοι.

63 1236 171 1310 Ἔνθα
182 1238 223 1327 66
230 1245 488 1330 Μεγακρέοντος
498 1240 622 1329 ἀνδρὸς
632 1239 831 1329 Ἀβδηρίτεω
843 1248 921 1321 έπος
932 1238 1012 1312 εόί
983 1270 998 1312 ε
999 1250 1073 1331 ίρη-
1086 1257 1137 1310 120

63 1341 169 1424 με’νον
185 1337 372 1426 έγένετο,“
354 1367 391 1420 ος
411 1341 657 1429 συνεβούλευσε
677 1338 886 1429 Ἀβδηρίτῃσι
907 1343 1073 1427 πανδημεὶ

63 1433 189 1516 αύτούς
201 1441 257 1505 καὶ
270 1453 432 1524 γυναίκας
446 1438 609 1517 ἐλθόντας
620 1441 653 1517 ές
663 1464 703 1506 τα
691 1436 859 1525 σφέτερα
870 1437 926 1537 ίρᾴ
940 1442 1072 1519 ἵζεσθαι

63 1537 173 1614 ίκέτας
184 1543 252 1604 τῶν
261 1544 366 1623 θεῶν,
381 1540 664 1625 παραιτεομένους
677 1534 780 1604 καὶ
745 1561 784 1604 το
798 1525 920 1604 λοιπόν
933 1557 995 1624 σφι
1005 1535 1071 1604 ἀπ-

64 1637 208 1723 αμύνειν
221 1641 290 1703 τῶν
305 1634 469 1704 έπιόντεον
485 1641 598 1703 κακῶν
614 1662 653 1702 τα
642 1631 803 1721 ἡμίσεα,
819 1641 887 1703 τῶν
900 1661 936 1703 τε
949 1659 1071 1722 παροι-

63 1738 215 1822 χομένων
230 1742 317 1822 ἔχειν
333 1755 393 1821 σφι
407 1734 558 1820 μεγάλην
571 1734 686 1820 χάριν,
710 1731 763 1801 ότι
776 1730 934 1819 βασιλεὺς
947 1735 1070 1816 Ξέρξης

63 1831 106 1902 06
119 1836 168 1912 δὶς
179 1834 317 1920 ἑκάστης
326 1830 451 1920 ἡμέρης
461 1831 595 1918 ἐνόμισε
606 1845 700 1899 σίτου
710 1831 899 1917 αἱρέεσθαι·
914 1833 1070 1916 παρέχειν

63 1930 129 2020 γάρ
146 1929 190 1999 ἀν
203 1929 430 2020 Ἀβδηρίτῃσι,
448 1938 478 2000 εί
490 1932 546 1999 καὶ
563 1929 701 2019 ἀρίστου
715 1937 892 2017 προείρητο
911 1927 1009 2015 ὁμοῖα
1023 1936 1069 2020 τῷ

64 2036 188 2124 δείπνφ
198 2031 474 2119 παρασκευάζειν,
485 2026 508 2117 6
519 2028 564 2116 μὴ
574 2027 758 2117 ’ὑπομένειν
767 2031 894 2116 Ξέρξην
903 2023 1070 2113 έπιόνταῆ

63 2134 324 2217 καταμείναντος
335 2128 478 2197 κάκιστα
490 2129 627 2196 πάντων
638 2126 833 2213 ἀνθρώπων
847 2132 1067 2214 διατριβῆναι.

149 2232 195 2296 Θί
208 2228 270 2314 μὲν
292 2225 332 2314 66
354 2228 543 2314 πιεζόμενοι
558 2225 648 2315 ὅμως
661 2224 699 2295 τό
715 2226 978 2311 ἐπιτασσόμενον
992 2225 1069 2291 έπε-
1082 2237 1130 2290 121

65 2328 192 2411 τέλεον,
213 2328 334 2412 Ξέρξης
355 2327 392 2392 δὲ
413 2328 450 2394 ἐκ
469 2331 527 2444 τῃς
543 2323 714 2393 Ἀκάνθου
734 2323 965 2408 ἐντειλάμενος
984 2335 1070 2390 τοῖσι

63 2436 275 2509 στρατηγοίσι
290 2421 351 2489 τόν
366 2419 530 2490 ναυτικόν
550 2420 693 2510 στρατόν
706 2421 890 2506 ὑπομένειν
905 2423 942 2489 ἐν
956 2423 1069 2536 Θέρμῃ

60 2525 171 2613 ἀπῆκε
184 2521 231 2591 ἀπ
234 2520 389 2591 ’ἑαυτοῦ
402 2518 607 2610 πορεύεσθαι
618 2517 678 2599 τάς
690 2519 781 2604 νέας,
800 2518 914 2641 Θέρμῃ
933 2517 971 2586 δὲ
983 2544 1024 2641 τῃ
1008 2520 1076 2587 ἐν

59 2653 106 2718 τφ
93 2629 278 2715 Θερμαίῳ
292 2620 407 2714 κόλπφ
421 2616 631 2708 οίκῃμένῃ,’
612 2617 667 2688 ατί
680 2611 720 2705 ἧς
731 2614 821 2686 καὶ
804 2644 823 2686 ο
838 2614 962 2697 κόλπος
975 2609 1074 2696 οὖτος

59 2728 122 2813 τὴν
140 2728 336 2813 ἐπωνυμίην
354 2727 436 2810 ἔχει·
461 2719 567 2809 ταύτῃ
584 2719 649 2809 γάρ
669 2717 878 2787 ἐπυνθάνετο
897 2716 1070 2805 συντομύ-

59 2852 159 2895 τατον
177 2822 278 2894 εἶναι
302 2823 398 2912 μέχρι
420 2821 483 2909 μέν
505 2819 573 2909 γάρ
595 2817 760 2889 Ἀκάνθου
786 2811 854 2888 οἶδε
875 2819 1075 2906 τεταγμένος

61 2925 233 3046 ὁστρατός
252 2928 286 2994 έκ
267 2930 472 3013 κΔορισκου
490 2922 553 3043 τῃν
570 2918 653 2989 ὁδόν
672 2920 830 2989 έποιέετο·
847 2934 938 3007 τρεῖς
955 2924 1074 3005 μοίρας
1167 2923 1169 2927 ”

62 3020 79 3094 6
105 3019 229 3116 Ξέρξης
260 3023 447 3111 δασάμενος
473 3020 583 3089 πάντα
612 3019 673 3090 τόν
702 3019 801 3103 πεζόν
830 3025 912 3107 μίαν
942 3015 1074 3086 αότέειν

63 3129 155 3208 ἔταξε
181 3123 271 3213 παρά
297 3123 519 3193 θάλασσανί
504 3119 633 3189 ίέναι“
614 3147 700 3210 ομου
727 3125 774 3212 τῷ
800 3125 962 3210 ναυτικφ·
991 3117 1073 3187 ταύ-

62 3253 120 3312 της
144 3226 206 3315 μὲν
231 3223 273 3312 66
297 3222 518 3312 ’ἐστρατήγεον
536 3219 735 3311 Μαρδόνιός
758 3246 794 3287 τε
810 3219 868 3287 καὶ
886 3225 1074 3306 Μασίστης,

65 3327 158 3414 ἑτέρη
176 3325 214 3394 δὲ
226 3325 408 3412 τεταγμένη
425 3323 478 3409 ἤιε
490 3327 553 3391 τού
572 3327 714 3410 στρατοῦ
728 3320 917 3408 τριτημορὶς
934 3317 997 3406 τὴν
1014 3345 1074 3407 με-

65 3417 222 3512 σόγαιαν,
241 3431 300 3512 τῆς
315 3422 534 3513 ἐστρατήγεον
553 3427 816 3514 Τριτανταίημης
827 3447 866 3489 τε
875 3421 938 3488 καὶ
950 3421 1094 3499 θέσπιε,
