2378 3840
342 199 423 257 ΗΒ.
456 199 498 256 lx.
531 199 625 256 εει).
658 205 794 257 εο-ιοο.
1012 194 1078 260 335

54 391 125 451 μαι.
153 365 255 435 ἐπεάν
273 375 532 457 συμμίσγωμεν,
549 376 746 458 μεμνῆσθαί
760 396 835 439 τινα
847 369 909 460 χρή
931 373 1072 440 ἐλευθε-

56 472 131 552 ρίης
157 466 222 554 μέν
243 467 382 537 πάντων
407 475 560 559 πρῶτον,
591 470 673 559 μετά
701 470 739 540 δὲ
764 473 828 539 τού
858 471 1074 559 συνθήματος

55 565 172 653 Ἥβης.
199 569 255 635 καὶ
273 568 353 636 τάδε
371 580 453 640 ι’στω
471 573 526 638 καλ
545 567 563 638 ὁ
582 570 627 658 μή
648 569 835 652 ἐπακούσας
852 569 968 660 ύμέων
987 597 1073 658 προς

53 672 115 734 τοῦ
134 668 391 750 ἐπακούσαντος.
427 671 534 750 άυτδς
558 671 596 740 δέ
619 664 718 751 οὗτος
737 670 803 740 έών
819 671 977 760 τυγχάνει
993 671 1073 750 νόος

56 773 120 834 τοῦ
145 768 338 856 πρήγματος
360 772 417 840 καί
440 771 457 840 ὁ
484 775 723 859 Θεμιστοκλέος
746 769 764 842 ὁ
791 771 845 841 ἐπ’
859 771 1077 864 ,Ἀρτεμισίω

56 863 79 952 ή
104 868 176 954 γάρ’
189 869 233 956 δή
257 871 408 941 λαθόντα
431 871 472 941 τά
496 873 627 963 βήματα
650 872 731 953 τούς
747 871 940 963 βαρβάρους
958 879 1074 961 ἔμελλε

55 968 136 1047 τούς
145 967 265 1050 ’Ίωνας
274 979 413 1060 πείσειν,
429 971 451 1061 ή
462 978 589 1043 ἔπειτεν
598 971 836 1061 ἀνενειχθέντα
850 977 884 1053 ἐς
896 973 975 1053 τούς
988 980 1074 1062 βαρ-

54 1068 183 1156 βάρους
201 1070 351 1158 ποιήσειν
369 1070 542 1154 άπίστους.
563 1079 787 1162 ,Λευτυχίδεω
804 1073 842 1143 δὲ
860 1078 966 1142 ταῦτα
983 1071 1073 1142 ύπο-
1090 1090 1127 1142 99

59 1173 210 1257 θεμένου
232 1169 373 1252 δεύτερα
389 1165 430 1254 δή
454 1167 535 1235 τάδε
555 1169 690 1234 ἐποίευν
709 1172 745 1235 οί
759 1164 931 1255 Ἕλληνες·
962 1192 1068 1256 προσ-

61 1267 197 1354 σχόντες
211 1263 271 1343 τάς
286 1268 364 1343 νέας
380 1262 553 1352 άπέβησαν
570 1264 604 1342 ἐς
617 1262 679 1332 τόν
695 1265 856 1349 αίγιαλόν.
889 1269 955 1335 Καὶ
970 1260 1065 1335 οὗτοι

60 1369 123 1454 μὲν
137 1363 331 1449 ἐτάσσοντο,
347 1367 382 1431 οί
394 1361 430 1430 δὲ
441 1364 569 1447 Πέρσαι
581 1360 626 1440 ὡς
637 1361 727 1430 εἶδον
740 1359 986 1452 τούςἝλληνας
999 1389 1065 1432 πα-

60 1462 368 1548 ρασκευαζομέυους
388 1462 422 1538 ἐς
436 1460 546 1547 μάχην
561 1461 616 1527 καί
634 1473 719 1528 τοῖσι
730 1458 822 1528 Ἴωσι
839 1465 1065 1548 παραινέσαν-

60 1589 134 1646 τας,
156 1567 255 1628 τοῦτο
278 1560 340 1646 μὲν
360 1555 610 1644 ὑπονοήσαντες
628 1555 708 1636 τούς
722 1565 874 1644 Σαμίους
892 1556 933 1625 τά
950 1556 1066 1646 Ἐλλή-

61 1683 132 1724 νων
149 1659 307 1744 φρονέειν
327 1653 543 1740 άπαιρέονται
558 1653 599 1722 τά
617 1653 712 1723 ὅπλα.
743 1661 777 1724 οί
790 1653 855 1743 γάρ
878 1649 927 1724 τόν
939 1655 1066 1742 Σάμιοι

59 1756 275 1840 ἀπικομένων
294 1751 483 1840 Ἀθηναίων
499 1753 715 1838 αἰχμαλώτων
730 1757 767 1820 ἐν
786 1761 861 1840 τῇσι
881 1757 982 1841 νηυσί
997 1760 1066 1820 τῶν

59 1852 260 1942 βαρβάρων,
280 1849 359 1930 τούς
374 1857 496 1938 ἐλαβον
511 1849 576 1918 άνά
590 1851 653 1937 τήν
664 1849 813 1938 Ἀττικήν
829 1855 1066 1939 λελειμμένους

59 1960 94 2022 οί
103 1956 248 2040 Ξέρξεω,
264 1951 405 2031 τούτους
416 1952 601 2038 λυσάμενοι
615 1952 743 2031 πάντας
758 1949 991 2040 άποπέμπουσι
1005 1956 1066 2021 ἐπ-

59 2050 256 2130 οδιάσαντες
266 2053 299 2130 ἐς
309 2049 368 2130 τάς
379 2048 541 2138 Ἀθήνας·
556 2056 625 2118 τόν
637 2053 765 2118 εἵνεκεν
777 2047 839 2118 ούκ
848 2047 966 2138 ἥκιστα
978 2048 1065 2118 ὑπο-

59 2157 142 2236 ψίην
156 2148 262 2238 εἶχον,
278 2156 497 2230 πεντακοσίας
511 2147 659 2236 κεφαλάς
672 2157 741 2218 τῶν
754 2153 882 2238 Ξέρξεω
896 2156 1064 2236 πολεμίων

57 2250 251 2336 λυσάμενοι.
274 2257 373 2318 τοῦτο
390 2253 427 2318 δὲ
440 2249 499 2330 τάς
510 2248 646 2329 διόδους
656 2247 714 2329 τάς
726 2252 759 2328 ἐς
772 2247 831 2329 τάς
844 2246 997 2338 κορυφάς
1007 2253 1065 2335 τῆς

58 2347 226 2434 Μυκάλης
243 2348 412 2436 φερούσας
426 2351 674 2437 προστάσσουσι
687 2363 773 2418 τοῖσι
784 2355 982 2435 Μιλησίοισι
996 2358 1077 2434 φυ-’

57 2444 197 2515 λάσσειυ
221 2444 265 2523 ὡς
285 2448 531 2534 ἐπισταμένοισι
554 2452 661 2532 δῆθεν
684 2447 826 2532 μάλιστα
850 2444 914 2533 τήν
938 2443 1062 2532 χάρην.

58 2549 196 2613 ἐποίευν
210 2546 246 2611 δὲ
266 2545 389 2612 τούτου
406 2547 552 2631 εἵνεκεν,
573 2546 632 2611 ἵνα
648 2541 741 2622 ἐκτός
761 2549 822 2610 τοῦ
839 2543 1064 2628 στρατοπέδου

58 2647 147 2709 ἔωσι.
170 2638 312 2719 τούτους
322 2641 385 2726 μὲν
397 2638 531 2728 Ἰάνων,
546 2654 632 2709 τοῖσι
645 2641 701 2707 καλ
711 2638 911 2708 κατεδόκεον
921 2639 1064 2726 νεοχμόν

57 2737 103 2805 άν
117 2761 149 2805 τι
163 2739 290 2804 ποιέειν
304 2738 467 2825 δυνάμιος
482 2737 768 2825 ἐπιλαβομένοισι,
783 2737 937 2822 τρόποισι
950 2736 1064 2806 τοιού-

56 2855 144 2904 τοισι
159 2833 457 2920 προεφυλάσσοντο
469 2840 503 2905 οί
510 2837 650 2923 Πέρσαι,
668 2831 762 2903 αύτολ
777 2835 814 2904 δέ
824 2835 1064 2924 συνεφόρησαν

56 2933 98 3001 τά
113 2935 216 3020 γέρρα
229 2935 326 3020 ἕρκος
337 2930 425 3001 είναί
434 2952 503 3019 σφι.
520 2931 579 3013 Ὡς
590 2935 627 3002 δὲ
642 2931 707 3019 άρα
717 2931 967 3020 παρεσκεύαστο
977 2947 1062 3002 τοῖσι
1080 2959 1132 3013 100

56 3028 208 3116 Ἕλλησι,
226 3028 414 3117 προσήισαν
427 3029 512 3117 πρὸς
524 3028 603 3110 τούς
617 3029 819 3119 βαρβάρους.
847 3036 936 3098 ίούσι
951 3033 990 3099 δέ
1002 3051 1063 3116 σφι

57 3125 153 3212 φήμη
166 3151 202 3194 τε
218 3127 374 3195 ἐσέπτατο
386 3130 420 3207 ἐς
433 3127 471 3197 τὰ
483 3129 710 3217 στρατόπεδον
723 3135 793 3196 πᾶν
807 3132 862 3197 καὶ
878 3128 1063 3217 κηρυκήιον

57 3223 168 3312 ἐφάνη
184 3227 236 3292 ἐπί
254 3233 312 3312 τῆς
332 3234 531 3315 κυματωγῆς
546 3233 711 3316 κείμενον.
739 3225 813 3314 ἡδὲ
833 3226 926 3315 φήμη
944 3227 1066 3314 διῆλθέ

57 3343 119 3408 σφι
142 3313 223 3407 άδε,
248 3319 293 3400 ὡς
313 3327 346 3392 οί
361 3322 519 3412 Ἕλληνες
536 3322 600 3413 τήν
613 3329 816 3414 Μαρδονίου
835 3320 994 3412 στρατιήν
1008 3349 1062 3389 νι-

56 3427 145 3511 κῷεν
161 3422 199 3487 ἐν
213 3427 389 3488 Βοιωτοῖσι
402 3423 596 3509 μαχόμενοι
617 3427 703 3512 δῆλα
716 3421 758 3510 δή
772 3429 924 3491 πολλοῖσι
938 3446 1063 3509 τεκμη-

1034 3508 1132 3600 Ι
