<?xml version="1.0" encoding="UTF-8"?>
<!DOCTYPE html PUBLIC "-//W3C//DTD XHTML 1.0 Transitional//EN"
    "http://www.w3.org/TR/xhtml1/DTD/xhtml1-transitional.dtd">
<html xmlns="http://www.w3.org/1999/xhtml" xml:lang="en" lang="en">
 <head>
  <title>
</title>
<meta http-equiv="Content-Type" content="text/html;charset=utf-8" />
  <meta name='ocr-system' content='tesseract 3.04.00' />
  <meta name='ocr-capabilities' content='ocr_page ocr_carea ocr_par ocr_line ocrx_word'/>
</head>
<body>
  <div class='ocr_page' id='page_1' title='image "./herodotihistori01herogoog_0155.png"; bbox 0 0 2378 3840; ppageno 0'>
   <div class='ocr_carea' id='block_1_1' title="bbox 114 148 740 234">
    <p class='ocr_par' dir='ltr' id='par_1_1' title="bbox 114 148 740 234">
     <span class='ocr_line' id='line_1_1' title="bbox 114 148 740 234; baseline -0.002 0"><span class='ocrx_word' id='word_1_1' title='bbox 114 173 175 234; x_wconf 71' lang='grc' dir='ltr'><strong><em>ιον</em></strong></span> <span class='ocrx_word' id='word_1_2' title='bbox 393 148 403 228; x_wconf 73' lang='lat' dir='ltr'>s</span> <span class='ocrx_word' id='word_1_3' title='bbox 489 175 740 234; x_wconf 77' lang='lat' dir='ltr'>HERODOTI</span> 
     </span>
    </p>
   </div>
   <div class='ocr_carea' id='block_1_2' title="bbox 113 332 1117 519">
    <p class='ocr_par' dir='ltr' id='par_1_2' title="bbox 113 332 1117 519">
     <span class='ocr_line' id='line_1_2' title="bbox 113 332 1117 421; baseline -0.001 -20"><span class='ocrx_word' id='word_1_4' title='bbox 113 334 278 420; x_wconf 90' lang='grc' dir='ltr'><strong><em>πρότερον</em></strong></span> <span class='ocrx_word' id='word_1_5' title='bbox 297 337 468 417; x_wconf 76' lang='grc' dir='ltr'><strong><em>συνέλεξε,</em></strong></span> <span class='ocrx_word' id='word_1_6' title='bbox 495 334 591 418; x_wconf 82' lang='grc' dir='ltr'><strong><em>ἔλεγέ</em></strong></span> <span class='ocrx_word' id='word_1_7' title='bbox 609 352 670 418; x_wconf 82' lang='grc' dir='ltr'><strong><em>σφι</em></strong></span> <span class='ocrx_word' id='word_1_8' title='bbox 692 332 786 400; x_wconf 77' lang='grc' dir='ltr'><strong><em>τάὑε·</em></strong></span> <span class='ocrx_word' id='word_1_9' title='bbox 815 333 955 420; x_wconf 71' lang='grc' dir='ltr'><strong><em>’Ἄνδρες</em></strong></span> <span class='ocrx_word' id='word_1_10' title='bbox 976 339 1117 421; x_wconf 87' lang='grc' dir='ltr'><strong><em>Πέρσαι,</em></strong></span> 
     </span>
     <span class='ocr_line' id='line_1_3' title="bbox 113 425 1115 519; baseline 0.001 -22"><span class='ocrx_word' id='word_1_11' title='bbox 113 429 317 517; x_wconf 74' lang='grc' dir='ltr'><strong><em>συγγνώμην</em></strong></span> <span class='ocrx_word' id='word_1_12' title='bbox 326 457 384 518; x_wconf 88' lang='grc' dir='ltr'><strong><em>μοι</em></strong></span> <span class='ocrx_word' id='word_1_13' title='bbox 395 435 493 515; x_wconf 82' lang='grc' dir='ltr'><strong><em>ἔχετε,</em></strong></span> <span class='ocrx_word' id='word_1_14' title='bbox 512 426 562 496; x_wconf 85' lang='grc' dir='ltr'><strong><em>ότι</em></strong></span> <span class='ocrx_word' id='word_1_15' title='bbox 573 425 778 517; x_wconf 78' lang='grc' dir='ltr'><em>ἀγχίστροφα</em></span> <span class='ocrx_word' id='word_1_16' title='bbox 789 432 1010 519; x_wconf 78' lang='grc' dir='ltr'><strong><em>βουλεύομαι·</em></strong></span> <span class='ocrx_word' id='word_1_17' title='bbox 1033 459 1115 518; x_wconf 82' lang='grc' dir='ltr'><strong><em>φρε-</em></strong></span> 
     </span>
    </p>
   </div>
   <div class='ocr_carea' id='block_1_3' title="bbox 68 526 1121 3444">
    <p class='ocr_par' dir='ltr' id='par_1_3' title="bbox 68 526 1121 3444">
     <span class='ocr_line' id='line_1_4' title="bbox 115 526 1121 616; baseline 0 -20"><span class='ocrx_word' id='word_1_18' title='bbox 115 537 183 597; x_wconf 74' lang='grc' dir='ltr'><strong><em>νῶν</em></strong></span> <span class='ocrx_word' id='word_1_19' title='bbox 197 555 232 596; x_wconf 87' lang='grc' dir='ltr'><strong><em>τε</em></strong></span> <span class='ocrx_word' id='word_1_20' title='bbox 247 528 311 615; x_wconf 88' lang='grc' dir='ltr'><strong><em>γάρ</em></strong></span> <span class='ocrx_word' id='word_1_21' title='bbox 326 532 360 607; x_wconf 85' lang='grc' dir='ltr'><strong><em>ές</em></strong></span> <span class='ocrx_word' id='word_1_22' title='bbox 379 526 420 595; x_wconf 88' lang='grc' dir='ltr'><strong><em>τά</em></strong></span> <span class='ocrx_word' id='word_1_23' title='bbox 437 530 608 613; x_wconf 79' lang='grc' dir='ltr'><strong><em>ἐμεωυτοῦ</em></strong></span> <span class='ocrx_word' id='word_1_24' title='bbox 623 535 738 611; x_wconf 81' lang='grc' dir='ltr'><strong><em>πρῶτα</em></strong></span> <span class='ocrx_word' id='word_1_25' title='bbox 753 527 844 596; x_wconf 82' lang='grc' dir='ltr'><strong><em>οὔκω</em></strong></span> <span class='ocrx_word' id='word_1_26' title='bbox 861 526 991 616; x_wconf 91' lang='grc' dir='ltr'><strong><em>ἀνήκω,</em></strong></span> <span class='ocrx_word' id='word_1_27' title='bbox 1014 532 1070 596; x_wconf 81' lang='grc' dir='ltr'><strong><em>καλ</em></strong></span> <span class='ocrx_word' id='word_1_28' title='bbox 1087 533 1121 596; x_wconf 75' lang='grc' dir='ltr'><strong><em>οἱ</em></strong></span> 
     </span>
     <span class='ocr_line' id='line_1_5' title="bbox 113 622 1118 714; baseline 0 -20"><span class='ocrx_word' id='word_1_29' title='bbox 113 625 402 714; x_wconf 77' lang='grc' dir='ltr'><strong><em>παρηγορεόμενοι</em></strong></span> <span class='ocrx_word' id='word_1_30' title='bbox 423 627 534 692; x_wconf 77' lang='grc' dir='ltr'><strong><em>έκεῖνο</em></strong></span> <span class='ocrx_word' id='word_1_31' title='bbox 553 627 681 692; x_wconf 82' lang='grc' dir='ltr'><strong><em>ποιέειν</em></strong></span> <span class='ocrx_word' id='word_1_32' title='bbox 697 622 819 692; x_wconf 77' lang='grc' dir='ltr'><strong><em>οὐδένα</em></strong></span> <span class='ocrx_word' id='word_1_33' title='bbox 832 624 957 712; x_wconf 90' lang='grc' dir='ltr'><strong><em>χρόνον</em></strong></span> <span class='ocrx_word' id='word_1_34' title='bbox 972 652 1036 712; x_wconf 92' lang='grc' dir='ltr'><strong><em>μευ</em></strong></span> <span class='ocrx_word' id='word_1_35' title='bbox 1052 625 1118 693; x_wconf 91' lang='grc' dir='ltr'><strong><em>ἀπ-</em></strong></span> 
     </span>
     <span class='ocr_line' id='line_1_6' title="bbox 113 719 1118 810; baseline 0 -20"><span class='ocrx_word' id='word_1_36' title='bbox 113 725 251 808; x_wconf 87' lang='grc' dir='ltr'><strong><em>έχονται.</em></strong></span> <span class='ocrx_word' id='word_1_37' title='bbox 281 719 464 789; x_wconf 76' lang='grc' dir='ltr'><strong><em>ἀκούσαντι</em></strong></span> <span class='ocrx_word' id='word_1_38' title='bbox 478 724 541 807; x_wconf 81' lang='grc' dir='ltr'><strong><em>μὲν</em></strong></span> <span class='ocrx_word' id='word_1_39' title='bbox 558 721 600 808; x_wconf 76' lang='grc' dir='ltr'><strong><em>δή</em></strong></span> <span class='ocrx_word' id='word_1_40' title='bbox 614 749 672 806; x_wconf 91' lang='grc' dir='ltr'><strong><em>μοι</em></strong></span> <span class='ocrx_word' id='word_1_41' title='bbox 687 728 745 806; x_wconf 89' lang='grc' dir='ltr'><strong><em>τής</em></strong></span> <span class='ocrx_word' id='word_1_42' title='bbox 762 719 967 810; x_wconf 76' lang='grc' dir='ltr'><strong><em>Ἀρταβάνου</em></strong></span> <span class='ocrx_word' id='word_1_43' title='bbox 981 723 1118 810; x_wconf 75' lang='grc' dir='ltr'><strong><em>γνώμης</em></strong></span> 
     </span>
     <span class='ocr_line' id='line_1_7' title="bbox 113 816 1116 908; baseline 0.001 -21"><span class='ocrx_word' id='word_1_44' title='bbox 113 825 300 906; x_wconf 79' lang='grc' dir='ltr'><strong><em>παραυτίκα</em></strong></span> <span class='ocrx_word' id='word_1_45' title='bbox 315 820 377 904; x_wconf 75' lang='grc' dir='ltr'><strong><em>μέν</em></strong></span> <span class='ocrx_word' id='word_1_46' title='bbox 394 816 415 905; x_wconf 86' lang='grc' dir='ltr'><strong><em>ή</em></strong></span> <span class='ocrx_word' id='word_1_47' title='bbox 431 818 548 905; x_wconf 82' lang='grc' dir='ltr'><strong><em>νεότης</em></strong></span> <span class='ocrx_word' id='word_1_48' title='bbox 562 821 690 898; x_wconf 78' lang='grc' dir='ltr'><strong><em>ἐπέζεσε</em></strong></span> <span class='ocrx_word' id='word_1_49' title='bbox 706 816 791 885; x_wconf 72' lang='grc' dir='ltr'><strong><em>ὥστε</em></strong></span> <span class='ocrx_word' id='word_1_50' title='bbox 806 816 996 908; x_wconf 73' lang='grc' dir='ltr'><strong><em>ἀεικέστερα</em></strong></span> <span class='ocrx_word' id='word_1_51' title='bbox 1010 819 1116 906; x_wconf 80' lang='grc' dir='ltr'><strong><em>ἀπορ·</em></strong></span> 
     </span>
     <span class='ocr_line' id='line_1_8' title="bbox 114 914 1116 1006; baseline -0.003 -18"><span class='ocrx_word' id='word_1_52' title='bbox 114 933 208 1005; x_wconf 73' lang='grc' dir='ltr'><strong><em>ρλυαι</em></strong></span> <span class='ocrx_word' id='word_1_53' title='bbox 225 925 305 987; x_wconf 87' lang='grc' dir='ltr'><strong><em>έπεα</em></strong></span> <span class='ocrx_word' id='word_1_54' title='bbox 321 922 353 998; x_wconf 86' lang='grc' dir='ltr'><strong><em>ές</em></strong></span> <span class='ocrx_word' id='word_1_55' title='bbox 368 918 476 1006; x_wconf 79' lang='grc' dir='ltr'><strong><em>ἀνέρα</em></strong></span> <span class='ocrx_word' id='word_1_56' title='bbox 495 917 724 1006; x_wconf 84' lang='grc' dir='ltr'><strong><em>πρεσβύτερον</em></strong></span> <span class='ocrx_word' id='word_1_57' title='bbox 738 914 761 1003; x_wconf 87' lang='grc' dir='ltr'><strong><em>ή</em></strong></span> <span class='ocrx_word' id='word_1_58' title='bbox 775 917 898 1005; x_wconf 79' lang='grc' dir='ltr'><strong><em>χρεων·</em></strong></span> <span class='ocrx_word' id='word_1_59' title='bbox 920 926 986 988; x_wconf 84' lang='grc' dir='ltr'><strong><em>νῦν</em></strong></span> <span class='ocrx_word' id='word_1_60' title='bbox 1002 923 1116 1006; x_wconf 89' lang='grc' dir='ltr'><strong><em>μέντοι</em></strong></span> 
     </span>
     <span class='ocr_line' id='line_1_9' title="bbox 113 1011 1119 1106; baseline 0.001 -21"><span class='ocrx_word' id='word_1_61' title='bbox 113 1015 281 1104; x_wconf 88' lang='grc' dir='ltr'><strong><em>συγγνοὺς</em></strong></span> <span class='ocrx_word' id='word_1_62' title='bbox 301 1017 466 1106; x_wconf 73' lang='grc' dir='ltr'><strong><em>χρήσομαι</em></strong></span> <span class='ocrx_word' id='word_1_63' title='bbox 482 1025 522 1106; x_wconf 80' lang='grc' dir='ltr'><strong><em>τῇ</em></strong></span> <span class='ocrx_word' id='word_1_64' title='bbox 539 1019 670 1085; x_wconf 77' lang='grc' dir='ltr'><strong><em>ἐκείνου</em></strong></span> <span class='ocrx_word' id='word_1_65' title='bbox 694 1017 820 1105; x_wconf 76' lang='grc' dir='ltr'><strong><em>γνοόμη.</em></strong></span> <span class='ocrx_word' id='word_1_66' title='bbox 852 1015 896 1096; x_wconf 78' lang='grc' dir='ltr'><strong><em>ὡς</em></strong></span> <span class='ocrx_word' id='word_1_67' title='bbox 913 1011 963 1086; x_wconf 71' lang='grc' dir='ltr'><strong><em>οἷν</em></strong></span> <span class='ocrx_word' id='word_1_68' title='bbox 978 1023 1119 1105; x_wconf 78' lang='grc' dir='ltr'><strong><em>μεταδε-</em></strong></span> 
     </span>
     <span class='ocr_line' id='line_1_10' title="bbox 113 1111 1117 1203; baseline -0.003 -20"><span class='ocrx_word' id='word_1_69' title='bbox 113 1118 278 1202; x_wconf 77' lang='grc' dir='ltr'><strong><em>δογμένον</em></strong></span> <span class='ocrx_word' id='word_1_70' title='bbox 294 1144 351 1202; x_wconf 90' lang='grc' dir='ltr'><strong><em>μοι</em></strong></span> <span class='ocrx_word' id='word_1_71' title='bbox 368 1114 411 1203; x_wconf 87' lang='grc' dir='ltr'><strong><em>μή</em></strong></span> <span class='ocrx_word' id='word_1_72' title='bbox 429 1115 671 1202; x_wconf 76' lang='grc' dir='ltr'><strong><em>στρατεύεσθαι</em></strong></span> <span class='ocrx_word' id='word_1_73' title='bbox 685 1117 738 1182; x_wconf 80' lang='grc' dir='ltr'><strong><em>ἐπὶ</em></strong></span> <span class='ocrx_word' id='word_1_74' title='bbox 753 1111 814 1201; x_wconf 87' lang='grc' dir='ltr'><strong><em>τήν</em></strong></span> <span class='ocrx_word' id='word_1_75' title='bbox 825 1113 983 1201; x_wconf 75' lang='grc' dir='ltr'><strong><em>Ἐλλάδα,</em></strong></span> <span class='ocrx_word' id='word_1_76' title='bbox 998 1114 1117 1201; x_wconf 77' lang='grc' dir='ltr'><strong><em>ἥσυχοι</em></strong></span> 
     </span>
     <span class='ocr_line' id='line_1_11' title="bbox 111 1211 1116 1300; baseline -0.001 -21"><span class='ocrx_word' id='word_1_77' title='bbox 111 1217 192 1280; x_wconf 89' lang='grc' dir='ltr'><strong><em>έστε.</em></strong></span> <span class='ocrx_word' id='word_1_78' title='bbox 215 1213 343 1299; x_wconf 86' lang='grc' dir='ltr'><strong><em>Πέρσαι</em></strong></span> <span class='ocrx_word' id='word_1_79' title='bbox 357 1215 419 1300; x_wconf 72' lang='grc' dir='ltr'><strong><em>μέν</em></strong></span> <span class='ocrx_word' id='word_1_80' title='bbox 433 1212 477 1291; x_wconf 81' lang='grc' dir='ltr'><strong><em>ὡς</em></strong></span> <span class='ocrx_word' id='word_1_81' title='bbox 488 1211 638 1298; x_wconf 88' lang='grc' dir='ltr'><strong><em>ήκουσαν</em></strong></span> <span class='ocrx_word' id='word_1_82' title='bbox 649 1219 763 1297; x_wconf 84' lang='grc' dir='ltr'><strong><em>ταῦτα,</em></strong></span> <span class='ocrx_word' id='word_1_83' title='bbox 774 1212 996 1297; x_wconf 81' lang='grc' dir='ltr'><strong><em>κεχαρηκότες</em></strong></span> <span class='ocrx_word' id='word_1_84' title='bbox 1010 1231 1116 1297; x_wconf 89' lang='grc' dir='ltr'><strong><em>προσ-</em></strong></span> 
     </span>
     <span class='ocr_line' id='line_1_12' title="bbox 68 1303 1116 1396; baseline -0.006 -15"><span class='ocrx_word' id='word_1_85' title='bbox 68 1327 99 1381; x_wconf 70' lang='lat'><strong><em>14</em></strong></span> <span class='ocrx_word' id='word_1_86' title='bbox 113 1310 265 1395; x_wconf 85' lang='grc' dir='ltr'><strong><em>εκὺνεον,</em></strong></span> <span class='ocrx_word' id='word_1_87' title='bbox 280 1309 402 1389; x_wconf 88' lang='grc' dir='ltr'><strong><em>ννκτὺς</em></strong></span> <span class='ocrx_word' id='word_1_88' title='bbox 413 1312 449 1378; x_wconf 74' lang='grc' dir='ltr'><strong><em>δὲ</em></strong></span> <span class='ocrx_word' id='word_1_89' title='bbox 459 1314 641 1396; x_wconf 86' lang='grc' dir='ltr'><strong><em>γενομένης</em></strong></span> <span class='ocrx_word' id='word_1_90' title='bbox 652 1303 746 1388; x_wconf 85' lang='grc' dir='ltr'><strong><em>αὑτις</em></strong></span> <span class='ocrx_word' id='word_1_91' title='bbox 757 1307 863 1376; x_wconf 75' lang='grc' dir='ltr'><strong><em>τοτ’ντὺ</em></strong></span> <span class='ocrx_word' id='word_1_92' title='bbox 879 1309 1012 1394; x_wconf 84' lang='grc' dir='ltr'><strong><em>ὄνειρον</em></strong></span> <span class='ocrx_word' id='word_1_93' title='bbox 1024 1314 1116 1394; x_wconf 86' lang='grc' dir='ltr'><strong><em>έλεγε</em></strong></span> 
     </span>
     <span class='ocr_line' id='line_1_13' title="bbox 111 1400 1117 1498; baseline -0.003 -23"><span class='ocrx_word' id='word_1_94' title='bbox 111 1415 157 1497; x_wconf 76' lang='grc' dir='ltr'><strong><em>τῷ</em></strong></span> <span class='ocrx_word' id='word_1_95' title='bbox 170 1410 275 1496; x_wconf 74' lang='grc' dir='ltr'><strong><em>,Ξέρξη</em></strong></span> <span class='ocrx_word' id='word_1_96' title='bbox 290 1410 538 1498; x_wconf 79' lang='grc' dir='ltr'><strong><em>κατυπνωμένῳ</em></strong></span> <span class='ocrx_word' id='word_1_97' title='bbox 559 1408 712 1475; x_wconf 82' lang='grc' dir='ltr'><strong><em>έπιστάν·</em></strong></span> <span class='ocrx_word' id='word_1_98' title='bbox 742 1400 781 1474; x_wconf 77' lang='grc' dir='ltr'><em>Ὦ</em></span> <span class='ocrx_word' id='word_1_99' title='bbox 801 1421 864 1475; x_wconf 83' lang='grc' dir='ltr'><strong><em>καί</em></strong></span> <span class='ocrx_word' id='word_1_100' title='bbox 874 1414 1040 1495; x_wconf 85' lang='grc' dir='ltr'><strong><em>Δαρείου,</em></strong></span> <span class='ocrx_word' id='word_1_101' title='bbox 1062 1411 1117 1473; x_wconf 87' lang='grc' dir='ltr'><strong><em>καλ</em></strong></span> 
     </span>
     <span class='ocr_line' id='line_1_14' title="bbox 112 1503 1117 1594; baseline -0.004 -21"><span class='ocrx_word' id='word_1_102' title='bbox 112 1503 152 1592; x_wconf 81' lang='grc' dir='ltr'><strong><em>δή</em></strong></span> <span class='ocrx_word' id='word_1_103' title='bbox 165 1512 300 1591; x_wconf 85' lang='grc' dir='ltr'><strong><em>φαίνεαι</em></strong></span> <span class='ocrx_word' id='word_1_104' title='bbox 315 1508 353 1573; x_wconf 90' lang='grc' dir='ltr'><strong><em>έν</em></strong></span> <span class='ocrx_word' id='word_1_105' title='bbox 362 1510 514 1594; x_wconf 87' lang='grc' dir='ltr'><strong><em>Πέρσησί</em></strong></span> <span class='ocrx_word' id='word_1_106' title='bbox 520 1531 556 1572; x_wconf 86' lang='grc' dir='ltr'><strong><em>τε</em></strong></span> <span class='ocrx_word' id='word_1_107' title='bbox 566 1503 791 1590; x_wconf 78' lang='grc' dir='ltr'><strong><em>ἀπειπάμενος</em></strong></span> <span class='ocrx_word' id='word_1_108' title='bbox 801 1503 864 1590; x_wconf 82' lang='grc' dir='ltr'><strong><em>τήν</em></strong></span> <span class='ocrx_word' id='word_1_109' title='bbox 875 1510 1117 1591; x_wconf 77' lang='grc' dir='ltr'><strong><em>στρατηλασίην</em></strong></span> 
     </span>
     <span class='ocr_line' id='line_1_15' title="bbox 111 1601 1108 1695; baseline -0.002 -23"><span class='ocrx_word' id='word_1_110' title='bbox 111 1607 167 1672; x_wconf 83' lang='grc' dir='ltr'><strong><em>καὶ</em></strong></span> <span class='ocrx_word' id='word_1_111' title='bbox 180 1602 221 1671; x_wconf 84' lang='grc' dir='ltr'><strong><em>τά</em></strong></span> <span class='ocrx_word' id='word_1_112' title='bbox 235 1603 297 1690; x_wconf 86' lang='grc' dir='ltr'><strong><em>έμά</em></strong></span> <span class='ocrx_word' id='word_1_113' title='bbox 315 1610 394 1672; x_wconf 83' lang='grc' dir='ltr'><strong><em>έπεα</em></strong></span> <span class='ocrx_word' id='word_1_114' title='bbox 409 1609 446 1672; x_wconf 88' lang='grc' dir='ltr'><strong><em>έν</em></strong></span> <span class='ocrx_word' id='word_1_115' title='bbox 458 1601 573 1673; x_wconf 72' lang='grc' dir='ltr'><strong><em>οὐδενὶ</em></strong></span> <span class='ocrx_word' id='word_1_116' title='bbox 583 1606 782 1691; x_wconf 82' lang='grc' dir='ltr'><strong><em>ποιεόμενος</em></strong></span> <span class='ocrx_word' id='word_1_117' title='bbox 795 1605 884 1695; x_wconf 77' lang='grc' dir='ltr'><strong><em>λόγῳ</em></strong></span> <span class='ocrx_word' id='word_1_118' title='bbox 900 1603 945 1683; x_wconf 77' lang='grc' dir='ltr'><strong><em>ὡς</em></strong></span> <span class='ocrx_word' id='word_1_119' title='bbox 958 1602 1038 1691; x_wconf 90' lang='grc' dir='ltr'><strong><em>παρ’</em></strong></span> <span class='ocrx_word' id='word_1_120' title='bbox 1057 1602 1108 1670; x_wconf 78' lang='grc' dir='ltr'><strong><em>οὑ</em></strong></span> 
     </span>
     <span class='ocr_line' id='line_1_16' title="bbox 112 1699 1116 1790; baseline -0.004 -21"><span class='ocrx_word' id='word_1_121' title='bbox 112 1699 208 1780; x_wconf 79' lang='grc' dir='ltr'><strong><em>δενός</em></strong></span> <span class='ocrx_word' id='word_1_122' title='bbox 219 1700 373 1782; x_wconf 81' lang='grc' dir='ltr'><strong><em>ἀκούσας.</em></strong></span> <span class='ocrx_word' id='word_1_123' title='bbox 394 1699 433 1771; x_wconf 86' lang='grc' dir='ltr'><strong><em>εὑ</em></strong></span> <span class='ocrx_word' id='word_1_124' title='bbox 445 1731 511 1772; x_wconf 92' lang='grc' dir='ltr'><strong><em>νυν</em></strong></span> <span class='ocrx_word' id='word_1_125' title='bbox 522 1702 594 1772; x_wconf 74' lang='grc' dir='ltr'><strong><em>τόδ’</em></strong></span> <span class='ocrx_word' id='word_1_126' title='bbox 606 1712 690 1789; x_wconf 76' lang='grc' dir='ltr'><strong><em>ίσθι,</em></strong></span> <span class='ocrx_word' id='word_1_127' title='bbox 706 1703 815 1790; x_wconf 86' lang='grc' dir='ltr'><strong><em>ήνπερ</em></strong></span> <span class='ocrx_word' id='word_1_128' title='bbox 828 1699 873 1787; x_wconf 87' lang='grc' dir='ltr'><strong><em>μή</em></strong></span> <span class='ocrx_word' id='word_1_129' title='bbox 885 1699 1002 1768; x_wconf 87' lang='grc' dir='ltr'><strong><em>αὑτίκα</em></strong></span> <span class='ocrx_word' id='word_1_130' title='bbox 1014 1721 1116 1785; x_wconf 89' lang='grc' dir='ltr'><strong><em>στρα-</em></strong></span> 
     </span>
     <span class='ocr_line' id='line_1_17' title="bbox 110 1795 1116 1915; baseline -0.008 -46"><span class='ocrx_word' id='word_1_131' title='bbox 110 1801 278 1888; x_wconf 87' lang='grc' dir='ltr'><strong><em>τηλατέης,</em></strong></span> <span class='ocrx_word' id='word_1_132' title='bbox 289 1800 368 1868; x_wconf 79' lang='grc' dir='ltr'><strong><em>τάδε</em></strong></span> <span class='ocrx_word' id='word_1_133' title='bbox 379 1828 430 1869; x_wconf 94' lang='grc' dir='ltr'><strong><em>τοι</em></strong></span> <span class='ocrx_word' id='word_1_134' title='bbox 442 1805 474 1880; x_wconf 81' lang='grc' dir='ltr'><strong><em>έξ</em></strong></span> <span class='ocrx_word' id='word_1_135' title='bbox 486 1797 599 1867; x_wconf 75' lang='grc' dir='ltr'><strong><em>αὑτοῖν</em></strong></span> <span class='ocrx_word' id='word_1_136' title='bbox 611 1798 805 1915; x_wconf 78' lang='grc' dir='ltr'><strong><em>ἀνασχήσει·</em></strong></span> <span class='ocrx_word' id='word_1_137' title='bbox 829 1795 873 1877; x_wconf 79' lang='grc' dir='ltr'><strong><em>ὡς</em></strong></span> <span class='ocrx_word' id='word_1_138' title='bbox 884 1798 991 1864; x_wconf 82' lang='grc' dir='ltr'><strong><em>καλ’</em></strong></span> <span class='ocrx_word' id='word_1_139' title='bbox 948 1822 1049 1882; x_wconf 87' lang='grc' dir='ltr'><strong><em>μεγας</em></strong></span> <span class='ocrx_word' id='word_1_140' title='bbox 1061 1798 1116 1862; x_wconf 72' lang='grc' dir='ltr'><strong><em>καὶ</em></strong></span> 
     </span>
     <span class='ocr_line' id='line_1_18' title="bbox 111 1890 1115 1988; baseline -0.009 -22"><span class='ocrx_word' id='word_1_141' title='bbox 111 1896 234 1976; x_wconf 84' lang='grc' dir='ltr'><strong><em>πολλός</em></strong></span> <span class='ocrx_word' id='word_1_142' title='bbox 248 1900 359 1983; x_wconf 80' lang='grc' dir='ltr'><strong><em>ἐγένεο</em></strong></span> <span class='ocrx_word' id='word_1_143' title='bbox 372 1901 410 1966; x_wconf 86' lang='grc' dir='ltr'><strong><em>έν</em></strong></span> <span class='ocrx_word' id='word_1_144' title='bbox 424 1895 656 1988; x_wconf 79' lang='grc' dir='ltr'><strong><em>όλίγωχρόνρι,</em></strong></span> <span class='ocrx_word' id='word_1_145' title='bbox 671 1893 761 1963; x_wconf 86' lang='grc' dir='ltr'><strong><em>οὑτω</em></strong></span> <span class='ocrx_word' id='word_1_146' title='bbox 775 1898 830 1962; x_wconf 79' lang='grc' dir='ltr'><strong><em>καὶ</em></strong></span> <span class='ocrx_word' id='word_1_147' title='bbox 840 1890 995 1970; x_wconf 83' lang='grc' dir='ltr'><strong><em>ταπεινός</em></strong></span> <span class='ocrx_word' id='word_1_148' title='bbox 1010 1890 1115 1959; x_wconf 87' lang='grc' dir='ltr'><strong><em>ὀπίσω</em></strong></span> 
     </span>
     <span class='ocr_line' id='line_1_19' title="bbox 68 1987 1114 2109; baseline -0.011 -45"><span class='ocrx_word' id='word_1_149' title='bbox 68 2011 97 2064; x_wconf 75' lang='lat'><strong><em>15</em></strong></span> <span class='ocrx_word' id='word_1_150' title='bbox 113 1995 196 2066; x_wconf 89' lang='grc' dir='ltr'><strong><em>κατά</em></strong></span> <span class='ocrx_word' id='word_1_151' title='bbox 211 1996 308 2082; x_wconf 89' lang='grc' dir='ltr'><strong><em>τάχος</em></strong></span> <span class='ocrx_word' id='word_1_152' title='bbox 319 2003 416 2064; x_wconf 82' lang='grc' dir='ltr'><strong><em>ἔσεαι.</em></strong></span> <span class='ocrx_word' id='word_1_153' title='bbox 440 1994 612 2082; x_wconf 73' lang='grc' dir='ltr'><strong><em>Ξέρξηςμὲ</em></strong></span> <span class='ocrx_word' id='word_1_154' title='bbox 614 2021 635 2060; x_wconf 92' lang='grc' dir='ltr'><strong><em>ν</em></strong></span> <span class='ocrx_word' id='word_1_155' title='bbox 645 1989 832 2079; x_wconf 80' lang='grc' dir='ltr'><strong><em>περιδεὴς</em></strong></span> <span class='ocrx_word' id='word_1_156' title='bbox 810 1991 990 2109; x_wconf 85' lang='grc' dir='ltr'><strong><em>γενόμενος</em></strong></span> <span class='ocrx_word' id='word_1_157' title='bbox 1004 1994 1044 2076; x_wconf 83' lang='grc' dir='ltr'><strong><em>τῇ</em></strong></span> <span class='ocrx_word' id='word_1_158' title='bbox 1060 1987 1114 2068; x_wconf 81' lang='grc' dir='ltr'><strong><em>ὄψι</em></strong></span> 
     </span>
     <span class='ocr_line' id='line_1_20' title="bbox 111 2075 1116 2179; baseline -0.011 -17"><span class='ocrx_word' id='word_1_159' title='bbox 111 2092 177 2162; x_wconf 86' lang='grc' dir='ltr'><strong><em>ἀνά</em></strong></span> <span class='ocrx_word' id='word_1_160' title='bbox 191 2119 226 2160; x_wconf 92' lang='grc' dir='ltr'><strong><em>τε</em></strong></span> <span class='ocrx_word' id='word_1_161' title='bbox 241 2099 362 2179; x_wconf 76' lang='grc' dir='ltr'><strong><em>έδραμε</em></strong></span> <span class='ocrx_word' id='word_1_162' title='bbox 376 2095 465 2160; x_wconf 92' lang='grc' dir='ltr'><strong><em>έκ</em></strong></span> <span class='ocrx_word' id='word_1_163' title='bbox 426 2119 483 2177; x_wconf 88' lang='grc' dir='ltr'><strong><em>της</em></strong></span> <span class='ocrx_word' id='word_1_164' title='bbox 498 2097 608 2177; x_wconf 82' lang='grc' dir='ltr'><strong><em>κοίτης</em></strong></span> <span class='ocrx_word' id='word_1_165' title='bbox 619 2093 674 2157; x_wconf 79' lang='grc' dir='ltr'><strong><em>καὶ</em></strong></span> <span class='ocrx_word' id='word_1_166' title='bbox 684 2094 804 2175; x_wconf 88' lang='grc' dir='ltr'><strong><em>πέμπει</em></strong></span> <span class='ocrx_word' id='word_1_167' title='bbox 819 2075 962 2173; x_wconf 84' lang='grc' dir='ltr'><strong><em>ἀγγελον</em></strong></span> <span class='ocrx_word' id='word_1_168' title='bbox 976 2082 1048 2153; x_wconf 79' lang='grc' dir='ltr'><strong><em>έπὶ’</em></strong></span> <span class='ocrx_word' id='word_1_169' title='bbox 1046 2094 1116 2166; x_wconf 86' lang='grc' dir='ltr'><strong><em>Αρ-</em></strong></span> 
     </span>
     <span class='ocr_line' id='line_1_21' title="bbox 110 2183 1115 2310; baseline -0.009 -50"><span class='ocrx_word' id='word_1_170' title='bbox 110 2190 259 2280; x_wconf 85' lang='grc' dir='ltr'><strong><em>τάβανον</em></strong></span> <span class='ocrx_word' id='word_1_171' title='bbox 276 2189 491 2260; x_wconf 36' lang='grc' dir='ltr'><strong><em>καλέονταᾊ</em></strong></span> <span class='ocrx_word' id='word_1_172' title='bbox 471 2194 661 2279; x_wconf 86' lang='grc' dir='ltr'><strong><em>απικομένω</em></strong></span> <span class='ocrx_word' id='word_1_173' title='bbox 678 2192 764 2256; x_wconf 79' lang='grc' dir='ltr'><strong><em>ὃέοί</em></strong></span> <span class='ocrx_word' id='word_1_174' title='bbox 756 2193 868 2310; x_wconf 45' lang='grc' dir='ltr'><strong><em>’,ἔλεγε</em></strong></span> <span class='ocrx_word' id='word_1_175' title='bbox 882 2189 1004 2272; x_wconf 75' lang='grc' dir='ltr'><strong><em>,Ξέρξης</em></strong></span> <span class='ocrx_word' id='word_1_176' title='bbox 1019 2183 1115 2252; x_wconf 78' lang='grc' dir='ltr'><strong><em>τάόε·</em></strong></span> 
     </span>
     <span class='ocr_line' id='line_1_22' title="bbox 107 2283 1116 2375; baseline -0.006 -19.976"><span class='ocrx_word' id='word_1_177' title='bbox 107 2287 337 2375; x_wconf 79' lang='grc' dir='ltr'><strong><em>Ἀρτάβανε,’</em></strong></span> <span class='ocrx_word' id='word_1_178' title='bbox 321 2286 384 2372; x_wconf 80' lang='grc' dir='ltr'><strong><em>εγὺ</em></strong></span> <span class='ocrx_word' id='word_1_179' title='bbox 399 2286 437 2355; x_wconf 87' lang='grc' dir='ltr'><strong><em>τὺ</em></strong></span> <span class='ocrx_word' id='word_1_180' title='bbox 453 2298 640 2373; x_wconf 89' lang='grc' dir='ltr'><strong><em>παραυτίκα</em></strong></span> <span class='ocrx_word' id='word_1_181' title='bbox 650 2283 764 2373; x_wconf 72' lang='grc' dir='ltr'><strong><em>μέν’</em></strong></span> <span class='ocrx_word' id='word_1_182' title='bbox 725 2312 788 2353; x_wconf 92' lang='grc' dir='ltr'><strong><em>ουκ</em></strong></span> <span class='ocrx_word' id='word_1_183' title='bbox 800 2283 964 2370; x_wconf 80' lang='grc' dir='ltr'><strong><em>ἐφρόνεον</em></strong></span> <span class='ocrx_word' id='word_1_184' title='bbox 978 2310 993 2350; x_wconf 90' lang='grc' dir='ltr'><strong><em>ε</em></strong></span> <span class='ocrx_word' id='word_1_185' title='bbox 995 2293 1072 2362; x_wconf 83' lang='grc' dir='ltr'><strong><em>ίπας</em></strong></span> <span class='ocrx_word' id='word_1_186' title='bbox 1084 2285 1116 2360; x_wconf 85' lang='grc' dir='ltr'><strong><em>ές</em></strong></span> 
     </span>
     <span class='ocr_line' id='line_1_23' title="bbox 111 2379 1116 2506; baseline -0.008 -50.826"><span class='ocrx_word' id='word_1_187' title='bbox 111 2387 284 2473; x_wconf 75' lang='grc' dir='ltr'><strong><em>σὲμάταια</em></strong></span> <span class='ocrx_word' id='word_1_188' title='bbox 299 2391 379 2453; x_wconf 85' lang='grc' dir='ltr'><strong><em>έπεα</em></strong></span> <span class='ocrx_word' id='word_1_189' title='bbox 392 2393 534 2506; x_wconf 83' lang='grc' dir='ltr'><strong><em>χρηστῆς</em></strong></span> <span class='ocrx_word' id='word_1_190' title='bbox 549 2388 677 2453; x_wconf 88' lang='grc' dir='ltr'><strong><em>εινεκεν</em></strong></span> <span class='ocrx_word' id='word_1_191' title='bbox 692 2387 914 2479; x_wconf 78' lang='grc' dir='ltr'><strong><em>συμβουλίης,</em></strong></span> <span class='ocrx_word' id='word_1_192' title='bbox 938 2407 1020 2466; x_wconf 92' lang='grc' dir='ltr'><strong><em>μετα</em></strong></span> <span class='ocrx_word' id='word_1_193' title='bbox 1008 2379 1116 2466; x_wconf 91' lang='grc' dir='ltr'><strong><em>μ-έν</em></strong></span> 
     </span>
     <span class='ocr_line' id='line_1_24' title="bbox 110 2474 1115 2602; baseline -0.007 -51"><span class='ocrx_word' id='word_1_194' title='bbox 110 2510 162 2551; x_wconf 92' lang='grc' dir='ltr'><strong><em>τοι</em></strong></span> <span class='ocrx_word' id='word_1_195' title='bbox 182 2481 224 2550; x_wconf 86' lang='grc' dir='ltr'><strong><em>οὑ</em></strong></span> <span class='ocrx_word' id='word_1_196' title='bbox 244 2481 372 2552; x_wconf 86' lang='grc' dir='ltr'><strong><em>πολλόν</em></strong></span> <span class='ocrx_word' id='word_1_197' title='bbox 392 2483 516 2602; x_wconf 86' lang='grc' dir='ltr'><strong><em>χρόνον</em></strong></span> <span class='ocrx_word' id='word_1_198' title='bbox 533 2474 718 2570; x_wconf 85' lang='grc' dir='ltr'><strong><em>μετέγνων,</em></strong></span> <span class='ocrx_word' id='word_1_199' title='bbox 743 2486 852 2567; x_wconf 88' lang='grc' dir='ltr'><strong><em>έγνων</em></strong></span> <span class='ocrx_word' id='word_1_200' title='bbox 874 2481 911 2547; x_wconf 75' lang='grc' dir='ltr'><strong><em>δὲ</em></strong></span> <span class='ocrx_word' id='word_1_201' title='bbox 932 2478 1036 2547; x_wconf 80' lang='grc' dir='ltr'><strong><em>ταῦτά</em></strong></span> <span class='ocrx_word' id='word_1_202' title='bbox 1059 2503 1115 2563; x_wconf 93' lang='grc' dir='ltr'><strong><em>μοι</em></strong></span> 
     </span>
     <span class='ocr_line' id='line_1_25' title="bbox 109 2575 1115 2667; baseline -0.008 -18"><span class='ocrx_word' id='word_1_203' title='bbox 109 2578 293 2667; x_wconf 80' lang='grc' dir='ltr'><strong><em>ποιητέα”</em></strong></span> <span class='ocrx_word' id='word_1_204' title='bbox 258 2605 366 2663; x_wconf 86' lang='grc' dir='ltr'><strong><em>εοντα,</em></strong></span> <span class='ocrx_word' id='word_1_205' title='bbox 381 2577 421 2647; x_wconf 83' lang='grc' dir='ltr'><strong><em>τά</em></strong></span> <span class='ocrx_word' id='word_1_206' title='bbox 433 2577 476 2647; x_wconf 89' lang='grc' dir='ltr'><strong><em>σὺ</em></strong></span> <span class='ocrx_word' id='word_1_207' title='bbox 488 2577 674 2666; x_wconf 76' lang='grc' dir='ltr'><strong><em>ὑπεθήκαο.</em></strong></span> <span class='ocrx_word' id='word_1_208' title='bbox 698 2576 761 2645; x_wconf 85' lang='grc' dir='ltr'><strong><em>οὐκ</em></strong></span> <span class='ocrx_word' id='word_1_209' title='bbox 774 2603 824 2644; x_wconf 89' lang='grc' dir='ltr'><strong><em>ων</em></strong></span> <span class='ocrx_word' id='word_1_210' title='bbox 835 2575 978 2653; x_wconf 79' lang='grc' dir='ltr'><strong><em>δυνατός</em></strong></span> <span class='ocrx_word' id='word_1_211' title='bbox 988 2581 1043 2643; x_wconf 93' lang='grc' dir='ltr'><strong><em>τοί</em></strong></span> <span class='ocrx_word' id='word_1_212' title='bbox 1050 2580 1115 2660; x_wconf 84' lang='grc' dir='ltr'><strong><em>είμι</em></strong></span> 
     </span>
     <span class='ocr_line' id='line_1_26' title="bbox 109 2671 1115 2766; baseline -0.005 -22"><span class='ocrx_word' id='word_1_213' title='bbox 109 2683 214 2744; x_wconf 85' lang='grc' dir='ltr'><strong><em>ταῦτα</em></strong></span> <span class='ocrx_word' id='word_1_214' title='bbox 228 2677 355 2744; x_wconf 87' lang='grc' dir='ltr'><strong><em>ποιέειν</em></strong></span> <span class='ocrx_word' id='word_1_215' title='bbox 367 2676 589 2763; x_wconf 85' lang='grc' dir='ltr'><strong><em>βουλόμενος·</em></strong></span> <span class='ocrx_word' id='word_1_216' title='bbox 611 2678 823 2766; x_wconf 69' lang='grc' dir='ltr'><strong><em>τετραμμένην</em></strong></span> <span class='ocrx_word' id='word_1_217' title='bbox 835 2671 899 2761; x_wconf 79' lang='grc' dir='ltr'><strong><em>γὰρ</em></strong></span> <span class='ocrx_word' id='word_1_218' title='bbox 912 2671 952 2760; x_wconf 76' lang='grc' dir='ltr'><strong><em>δή</em></strong></span> <span class='ocrx_word' id='word_1_219' title='bbox 968 2676 1022 2741; x_wconf 80' lang='grc' dir='ltr'><strong><em>καὶ</em></strong></span> <span class='ocrx_word' id='word_1_220' title='bbox 1038 2699 1115 2758; x_wconf 88' lang='grc' dir='ltr'><strong><em>μετ-</em></strong></span> 
     </span>
     <span class='ocr_line' id='line_1_27' title="bbox 111 2770 1114 2862; baseline -0.005 -19"><span class='ocrx_word' id='word_1_221' title='bbox 111 2772 270 2862; x_wconf 84' lang='grc' dir='ltr'><strong><em>εγνωκότι</em></strong></span> <span class='ocrx_word' id='word_1_222' title='bbox 289 2774 513 2858; x_wconf 83' lang='grc' dir='ltr'><strong><em>έπιφοιτέον”</em></strong></span> <span class='ocrx_word' id='word_1_223' title='bbox 493 2801 627 2862; x_wconf 87' lang='grc' dir='ltr'><strong><em>ονειρον</em></strong></span> <span class='ocrx_word' id='word_1_224' title='bbox 647 2774 849 2860; x_wconf 76' lang='grc' dir='ltr'><strong><em>φαντάζεταί</em></strong></span> <span class='ocrx_word' id='word_1_225' title='bbox 866 2800 940 2860; x_wconf 85' lang='grc' dir='ltr'><strong><em>μοι,</em></strong></span> <span class='ocrx_word' id='word_1_226' title='bbox 962 2770 1114 2858; x_wconf 82' lang='grc' dir='ltr'><strong><em>οὑόαμως</em></strong></span> 
     </span>
     <span class='ocr_line' id='line_1_28' title="bbox 111 2870 1115 2959; baseline -0.006 -17"><span class='ocrx_word' id='word_1_227' title='bbox 111 2873 317 2942; x_wconf 88' lang='grc' dir='ltr'><strong><em>συνέπαινον</em></strong></span> <span class='ocrx_word' id='word_1_228' title='bbox 332 2870 390 2940; x_wconf 87' lang='grc' dir='ltr'><strong><em>έὸν</em></strong></span> <span class='ocrx_word' id='word_1_229' title='bbox 403 2877 528 2942; x_wconf 89' lang='grc' dir='ltr'><strong><em>ποιέειν</em></strong></span> <span class='ocrx_word' id='word_1_230' title='bbox 543 2900 583 2959; x_wconf 91' lang='grc' dir='ltr'><strong><em>με</em></strong></span> <span class='ocrx_word' id='word_1_231' title='bbox 599 2879 720 2959; x_wconf 88' lang='grc' dir='ltr'><strong><em>ταὺτα,</em></strong></span> <span class='ocrx_word' id='word_1_232' title='bbox 744 2878 810 2938; x_wconf 84' lang='grc' dir='ltr'><strong><em>νῦν</em></strong></span> <span class='ocrx_word' id='word_1_233' title='bbox 824 2872 860 2938; x_wconf 77' lang='grc' dir='ltr'><strong><em>δέ</em></strong></span> <span class='ocrx_word' id='word_1_234' title='bbox 874 2873 929 2938; x_wconf 84' lang='grc' dir='ltr'><strong><em>καὶ</em></strong></span> <span class='ocrx_word' id='word_1_235' title='bbox 943 2874 1115 2952; x_wconf 76' lang='grc' dir='ltr'><strong><em>διαπειλῆ-</em></strong></span> 
     </span>
     <span class='ocr_line' id='line_1_29' title="bbox 111 2963 1115 3053; baseline -0.004 -17"><span class='ocrx_word' id='word_1_236' title='bbox 111 2991 176 3037; x_wconf 87' lang='grc' dir='ltr'><strong><em>σαν</em></strong></span> <span class='ocrx_word' id='word_1_237' title='bbox 190 2977 321 3053; x_wconf 87' lang='grc' dir='ltr'><strong><em>οίχεται.</em></strong></span> <span class='ocrx_word' id='word_1_238' title='bbox 346 2975 376 3038; x_wconf 84' lang='grc' dir='ltr'><strong><em>εί</em></strong></span> <span class='ocrx_word' id='word_1_239' title='bbox 387 2963 435 3037; x_wconf 78' lang='grc' dir='ltr'><strong><em>(όν</em></strong></span> <span class='ocrx_word' id='word_1_240' title='bbox 445 2970 528 3048; x_wconf 79' lang='grc' dir='ltr'><strong><em>θεός</em></strong></span> <span class='ocrx_word' id='word_1_241' title='bbox 541 2964 638 3038; x_wconf 89' lang='grc' dir='ltr'><strong><em>έστιό</em></strong></span> <span class='ocrx_word' id='word_1_242' title='bbox 656 2971 851 3053; x_wconf 88' lang='grc' dir='ltr'><strong><em>έπιπέμπων</em></strong></span> <span class='ocrx_word' id='word_1_243' title='bbox 865 2973 925 3035; x_wconf 88' lang='grc' dir='ltr'><strong><em>καί</em></strong></span> <span class='ocrx_word' id='word_1_244' title='bbox 937 2972 972 3035; x_wconf 89' lang='grc' dir='ltr'><strong><em>οί</em></strong></span> <span class='ocrx_word' id='word_1_245' title='bbox 982 2966 1115 3044; x_wconf 80' lang='grc' dir='ltr'><strong><em>πάντως</em></strong></span> 
     </span>
     <span class='ocr_line' id='line_1_30' title="bbox 112 3061 1113 3154; baseline -0.006 -20"><span class='ocrx_word' id='word_1_246' title='bbox 112 3068 149 3134; x_wconf 84' lang='grc' dir='ltr'><strong><em>ἐν</em></strong></span> <span class='ocrx_word' id='word_1_247' title='bbox 169 3063 275 3154; x_wconf 78' lang='grc' dir='ltr'><strong><em>ήόονή</em></strong></span> <span class='ocrx_word' id='word_1_248' title='bbox 296 3068 363 3134; x_wconf 79' lang='grc' dir='ltr'><strong><em>έστλ</em></strong></span> <span class='ocrx_word' id='word_1_249' title='bbox 382 3068 541 3152; x_wconf 73' lang='grc' dir='ltr'><strong><em>γενέσθαι</em></strong></span> <span class='ocrx_word' id='word_1_250' title='bbox 557 3071 800 3152; x_wconf 86' lang='grc' dir='ltr'><strong><em>στρατηλασίην</em></strong></span> <span class='ocrx_word' id='word_1_251' title='bbox 817 3068 869 3134; x_wconf 81' lang='grc' dir='ltr'><strong><em>έκλ</em></strong></span> <span class='ocrx_word' id='word_1_252' title='bbox 886 3061 947 3149; x_wconf 89' lang='grc' dir='ltr'><strong><em>τήν</em></strong></span> <span class='ocrx_word' id='word_1_253' title='bbox 962 3061 1113 3146; x_wconf 81' lang='grc' dir='ltr'><strong><em>Ἑλλάὑα,</em></strong></span> 
     </span>
     <span class='ocr_line' id='line_1_31' title="bbox 112 3157 1115 3250; baseline -0.005 -18"><span class='ocrx_word' id='word_1_254' title='bbox 112 3162 323 3250; x_wconf 87' lang='grc' dir='ltr'><strong><em>έπιπτήσεται</em></strong></span> <span class='ocrx_word' id='word_1_255' title='bbox 338 3167 394 3232; x_wconf 73' lang='grc' dir='ltr'><strong><em>καὶ</em></strong></span> <span class='ocrx_word' id='word_1_256' title='bbox 408 3167 460 3232; x_wconf 77' lang='grc' dir='ltr'><strong><em>σοὶ</em></strong></span> <span class='ocrx_word' id='word_1_257' title='bbox 473 3160 580 3231; x_wconf 75' lang='grc' dir='ltr'><strong><em>τώυτό</em></strong></span> <span class='ocrx_word' id='word_1_258' title='bbox 596 3170 694 3230; x_wconf 82' lang='grc' dir='ltr'><strong><em>τοῦτο</em></strong></span> <span class='ocrx_word' id='word_1_259' title='bbox 706 3163 851 3250; x_wconf 85' lang='grc' dir='ltr'><strong><em>ὄνειρον,</em></strong></span> <span class='ocrx_word' id='word_1_260' title='bbox 867 3159 988 3247; x_wconf 85' lang='grc' dir='ltr'><strong><em>ὁμοίως</em></strong></span> <span class='ocrx_word' id='word_1_261' title='bbox 1004 3157 1050 3240; x_wconf 82' lang='grc' dir='ltr'><strong><em>ὑς</em></strong></span> <span class='ocrx_word' id='word_1_262' title='bbox 1062 3161 1115 3229; x_wconf 81' lang='grc' dir='ltr'><strong><em>καὶ</em></strong></span> 
     </span>
     <span class='ocr_line' id='line_1_32' title="bbox 112 3253 1114 3347; baseline -0.004 -19"><span class='ocrx_word' id='word_1_263' title='bbox 112 3263 184 3345; x_wconf 75' lang='grc' dir='ltr'><strong><em>ἐμοὶ</em></strong></span> <span class='ocrx_word' id='word_1_264' title='bbox 197 3260 446 3346; x_wconf 77' lang='grc' dir='ltr'><strong><em>ἐντελλόμενον.</em></strong></span> <span class='ocrx_word' id='word_1_265' title='bbox 468 3258 612 3347; x_wconf 83' lang='grc' dir='ltr'><strong><em>εὑρίσκω</em></strong></span> <span class='ocrx_word' id='word_1_266' title='bbox 629 3262 666 3328; x_wconf 76' lang='grc' dir='ltr'><strong><em>δέ</em></strong></span> <span class='ocrx_word' id='word_1_267' title='bbox 688 3253 748 3328; x_wconf 69' lang='grc' dir='ltr'><strong><em>οἷδ’</em></strong></span> <span class='ocrx_word' id='word_1_268' title='bbox 765 3255 810 3328; x_wconf 85' lang='grc' dir='ltr'><strong><em>ἀν</em></strong></span> <span class='ocrx_word' id='word_1_269' title='bbox 824 3257 985 3346; x_wconf 88' lang='grc' dir='ltr'><strong><em>γινόμενα</em></strong></span> <span class='ocrx_word' id='word_1_270' title='bbox 1001 3264 1114 3343; x_wconf 81' lang='grc' dir='ltr'><strong><em>ταῦτα,</em></strong></span> 
     </span>
     <span class='ocr_line' id='line_1_33' title="bbox 112 3354 1114 3444; baseline -0.001 -21"><span class='ocrx_word' id='word_1_271' title='bbox 112 3361 143 3423; x_wconf 88' lang='grc' dir='ltr'><strong><em>εί</em></strong></span> <span class='ocrx_word' id='word_1_272' title='bbox 156 3354 272 3442; x_wconf 80' lang='grc' dir='ltr'><strong><em>λα’βοις</em></strong></span> <span class='ocrx_word' id='word_1_273' title='bbox 287 3355 349 3443; x_wconf 85' lang='grc' dir='ltr'><strong><em>τήν</em></strong></span> <span class='ocrx_word' id='word_1_274' title='bbox 363 3356 447 3444; x_wconf 86' lang='grc' dir='ltr'><strong><em>έμήν</em></strong></span> <span class='ocrx_word' id='word_1_275' title='bbox 457 3355 583 3444; x_wconf 85' lang='grc' dir='ltr'><strong><em>σκευήν</em></strong></span> <span class='ocrx_word' id='word_1_276' title='bbox 598 3365 720 3444; x_wconf 74' lang='grc' dir='ltr'><strong><em>πᾶσαν,</em></strong></span> <span class='ocrx_word' id='word_1_277' title='bbox 736 3361 792 3425; x_wconf 80' lang='grc' dir='ltr'><strong><em>καὶ</em></strong></span> <span class='ocrx_word' id='word_1_278' title='bbox 807 3354 906 3435; x_wconf 78' lang='grc' dir='ltr'><strong><em>ένδὺς</em></strong></span> <span class='ocrx_word' id='word_1_279' title='bbox 919 3354 1002 3442; x_wconf 79' lang='grc' dir='ltr'><strong><em>μετὰ</em></strong></span> <span class='ocrx_word' id='word_1_280' title='bbox 1017 3363 1114 3424; x_wconf 83' lang='grc' dir='ltr'><strong><em>τοῦτο</em></strong></span> 
     </span>
    </p>
   </div>
   <div class='ocr_carea' id='block_1_4' title="bbox 0 0 1194 3840">
    <p class='ocr_par' dir='ltr' id='par_1_4' title="bbox 0 0 1194 3840">
     <span class='ocr_line' id='line_1_34' title="bbox 0 0 1194 3840; baseline 0 0"><span class='ocrx_word' id='word_1_281' title='bbox 0 0 1194 3840; x_wconf 95' lang='lat' dir='ltr'><strong><em> </em></strong></span> 
     </span>
    </p>
   </div>
  </div>
 </body>
</html>
