2378 3840
205 233 209 241 .
313 179 491 251 ρεταιν.
523 194 622 252 ονε.
655 199 832 256 ιιι-τεν.
872 185 884 201 ·’
1009 192 1070 255 201

68 349 265 438 μαχόμενος,
281 347 345 428 ἐςδ
354 352 649 436 κατεκρεουργήθη
662 347 757 429 άπας.
781 346 826 428 ὥς
837 352 874 418 δέ
884 348 998 419 πεσόν
1008 351 1072 419 οὐκ

69 445 229 533 άπέθανε,
244 442 317 514 ἀλλ’
329 438 375 534 ήν
386 450 540 533 ἔμπνοος,
552 451 587 514 οί
596 447 736 533 Πέρσαι,
756 448 852 532 οἵπερ
869 446 1072 534 ἐπεβάτευον

69 548 207 614 ἐπὶτῶν
220 551 325 630 νεῶν,
344 541 390 612 δι’
407 541 531 631 ἀρετήν
544 542 607 631 τήν
627 546 759 614 ἐκείνου
778 549 997 632 περιποιῆσαί
1012 569 1072 631 μιν

67 643 143 728 περὶ
154 646 311 710 πλείστου
322 639 538 728 ἐποιήσαντο,
550 635 725 728 σμόρνησί
727 665 763 707 τε
773 638 968 727 ίεάμενοιτά
976 643 1073 711 ἕλκεα

67 739 123 806 καὶ
134 737 292 816 σινδόνος
302 744 465 825 βυσσίνης
472 744 638 824 τελαμῶσι
648 745 918 819 κατειλίσσοντες.
935 746 995 808 καί
1002 765 1071 826 μιν,

68 835 112 916 ὡς
126 835 232 907 ὀπίσω
247 834 407 907 ἀπίκοντο
422 841 456 918 ἐς
471 835 509 906 τό
528 840 663 906 ἑωυτῶν
678 838 922 926 στρατόπεδον,
944 843 1073 909 ἐπεδεί-

65 957 197 1006 κνυσαν
211 938 471 1026 ἐκπαγλεόμενοι
481 939 573 1028 πάση
582 945 623 1028 τή
634 946 780 1029 στρατιῇ,
792 944 1005 1028 περιέποντες
1017 936 1057 1010 εὖ
1063 968 1072 984 ·

65 1037 146 1117 τοὺς
163 1039 200 1107 δέ
214 1038 347 1125 ἄλλους,
364 1037 444 1119 τοὺς
455 1045 577 1128 ἔλαβον
592 1041 630 1106 ἐν
642 1045 683 1127 τῇ
695 1043 756 1124 νηῒ
767 1037 883 1128 ταάτη,
900 1053 1073 1127 περιεῖπον

68 1134 113 1214 ὡς
129 1133 336 1223 άνδράποδα.
368 1140 415 1204 Αἰ
427 1139 489 1221 μὲν
506 1133 547 1223 δή
563 1135 626 1204 δόο
645 1143 713 1202 τῶν
730 1141 818 1202 νεῶν
834 1134 923 1221 οὕτω
938 1135 1073 1223 ἐχειρά-
1091 1154 1144 1209 182

65 1245 197 1319 θησαν,
214 1231 236 1321 ή
252 1233 289 1302 δέ
302 1239 412 1322 τρίτη,
427 1241 486 1320 τής
499 1232 710 1320 ἐτριηράρχεε
722 1231 857 1319 Φόρμος
872 1229 958 1320 άυήρ
971 1231 1073 1320 Ἀθη·

67 1342 177 1414 ναϊος,
196 1328 371 1414 φεύγουσα
385 1330 548 1408 ἐξοκέλλει
562 1330 595 1405 ἐς
608 1325 667 1405 τάς
682 1323 825 1413 ἐμβολάς
838 1333 900 1396 τοῦ
911 1335 1072 1417 Πηνειοῦ,

66 1424 193 1491 καὶτοῦ
203 1424 266 1509 μὲν
277 1424 424 1508 σκάφεος
435 1424 621 1508 ἐκρότησαν
637 1428 671 1491 οί
681 1424 866 1511 βάρβαροι,
879 1431 949 1493 τῶν
963 1430 999 1495 δὲ
1011 1424 1073 1494 άν-

67 1524 158 1605 δροῑυ
171 1516 221 1586 οό.
246 1515 290 1596 άις
305 1516 370 1605 γάρ
382 1517 423 1606 δή
439 1519 575 1605 τάχιστα
586 1520 772 1588 ἐπώκειλαν
781 1519 844 1607 τήν
857 1526 917 1590 νέα
927 1528 962 1592 οί
969 1521 1073 1610 Ἀθη-

66 1628 173 1699 ναῖοι,
192 1611 422 1700 ἀποθορόντες
441 1613 525 1684 κατά
542 1622 731 1702 Θεσσαλίην
752 1618 975 1706 πορευόμενοι
996 1622 1073 1688 ἐκο-

67 1719 238 1799 μίσθησαν
253 1714 286 1791 ἐς
297 1711 449 1800 Ἀθήνας.
475 1721 587 1782 Ταῦτα
602 1711 797 1802 οίἝλληνες
808 1722 843 1785 οί
855 1716 908 1786 ἐπ’
923 1717 1073 1809 Ἀρτεμι-

68 1815 129 1900 σίρι
154 1810 495 1897 στρατοπεδευόμενοι
515 1810 751 1880 πυνθάνονται
771 1811 861 1900 παρά
878 1825 1019 1904 πυρσῶν
1036 1821 1073 1887 ἐκ

66 1905 235 1974 Σκιάθου.
267 1906 458 1994 πυθόμενοι
474 1910 511 1976 δὲ
525 1909 581 1975 καὶ
595 1908 911 1997 καταρρωδήσαντες
928 1911 993 1982 άπό
1011 1919 1072 1983 τοῦ

65 2000 270 2090 Ἀρτεμισίου
287 2011 528 2092 μετορμίζοντο
549 2006 583 2085 ἐς
596 2011 761 2093 Χαλκίδα,
784 2009 989 2093 φυλάξοντες
1009 2010 1072 2097 μὲν

65 2098 128 2168 τόν
137 2098 302 2188 Εὔριπον,
316 2109 488 2182 λείποντες
498 2101 535 2172 δὲ
548 2100 803 2192 ἡμεροσκόπους
813 2109 889 2193 περὶ
901 2104 942 2176 τά
958 2104 1071 2195 ὑψηλά

66 2206 123 2285 τής
136 2197 291 2293 Εὐβοίης.
328 2208 405 2270 Τῶν
426 2200 462 2270 δέ
484 2204 564 2271 δέκα
580 2208 669 2270 νεῶν
690 2208 759 2270 τάν
781 2204 965 2292 βαρβάρων
986 2219 1074 2293 τρεῖς
1089 2223 1143 2281 183

66 2298 237 2385 ἐπήλασαν
257 2301 332 2384 περὶ
351 2298 389 2368 τό
411 2303 496 2387 ἕρμα
516 2297 554 2369 τδ
571 2297 694 2388 μεταξὺ
716 2299 774 2371 ἐόν
787 2303 947 2373 Σκιάθου
962 2331 998 2373 τε
1018 2307 1074 2373 καὶ

68 2402 285 2483 Μαγνησίης,
303 2395 510 2484 καλεόμενον
521 2397 753 2487 δδΜόρμηκα.
776 2401 926 2469 ἐνθαῦτα
940 2406 975 2470 os
986 2402 1073 2490 βάρ-
1128 2460 1139 2473 ,

68 2500 166 2578 βαροι
182 2491 295 2577 ἐπειδή
317 2494 442 2580 στήλην
456 2502 559 2588 λίθου
572 2498 743 2582 ἐπέθηκαν
758 2503 954 2584 κομίσαντες
968 2501 1021 2566 ἐπὶ
1034 2496 1072 2566 τό

68 2589 169 2672 ἕρμα,
184 2583 390 2674 ὁρμηθέντες
403 2586 498 2660 αάτολ
512 2593 549 2660 ἐκ
564 2596 712 2679 Θέρμης,
728 2591 773 2673 ὥς
786 2611 847 2680 σφι
860 2592 898 2663 τό
917 2594 1073 2683 ἐμποδάν

66 2685 219 2771 ἐγεγόνεε
230 2692 395 2775 καθαρόν,
411 2691 585 2757 ἐπέπλωον
598 2690 724 2779 πάσησι
734 2699 809 2780 τήσι
820 2695 936 2779 νηυσί,
952 2696 1072 2763 ἕνδεκα

66 2783 190 2873 ἡμέρας
205 2790 365 2874 παρέντες
381 2785 464 2876 μετά
477 2786 540 2876 τήν
554 2791 708 2878 βασιλέος
721 2792 870 2871 ἐξέλασιν
881 2794 918 2859 ἐκ
929 2793 1069 2880 Θέρμης.

68 2884 103 2952 ιό
122 2887 158 2952 δὲ
171 2887 258 2970 ἕρμα
272 2904 333 2972 σφι
352 2886 560 2974 κατηγήσατο
578 2885 637 2956 ἐόν
653 2889 691 2956 έν
705 2886 799 2980 πόρω
814 2888 957 2975 μάλιστα
972 2891 1073 2978 Πάμ·

66 3010 140 3072 μων
151 2984 308 3073 Σικόριος.
331 2985 527 3075 πανημερὸν
540 2988 577 3056 δέ
588 2986 756 3067 κλάοντες
770 2993 805 3057 οί
816 2987 982 3076 βάρβαροι
997 2991 1072 3069 ἐξα-

66 3085 188 3153 νόουσι
208 3093 267 3172 τής
287 3093 487 3176 Μαγνησίης
508 3087 617 3176 χάρης
638 3090 691 3158 ἐπὶ
706 3087 864 3175 Σηπιάδα
880 3113 916 3155 τε
936 3085 1072 3155 καλτόν

65 3181 220 3268 αἰγιαλόν
239 3182 300 3254 τόν
320 3184 442 3273 μεταξύ
464 3193 685 3274 Κασθαναίης
704 3212 740 3254 τε
762 3185 878 3264 πόλιος
889 3183 997 3254 ’ἐόντα
1016 3185 1069 3254 καὶ

62 3283 240 3370 Σηπιάδος
257 3281 365 3371 άκτής.

150 3382 261 3466 Μέχρι
276 3383 339 3466 μέν
351 3409 418 3451 νον
431 3384 554 3454 τούτου
562 3391 625 3454 τοῦ
634 3375 747 3472 χόρου
758 3386 813 3453 καὶ
825 3391 1071 3471 Θερμοπυλέων
1088 3401 1134 3459 18¹

1089 3462 1124 3607 1
