2378 3840
316 195 401 250 ιΙο.
438 194 508 248 vm.
542 191 640 251 σΑΡ.
673 200 812 258 ιι-το,
1007 185 1092 282 λ31,

63 360 187 432 λαμυε,
203 349 343 437 ἀτρέμας
357 377 392 419 τε
408 349 496 435 εἶχον
510 347 569 429 τάς
579 351 673 436 νέας,
689 359 748 420 καί
756 373 817 439 σφι
828 350 994 441 ἀπεχρᾶτο
1006 381 1072 422 παν

62 457 128 525 κως
141 447 328 535 πρήσσουσι
348 447 491 534 ἡσυχίην
508 445 604 532 ἄγειν
622 450 658 515 έν
673 457 718 537 τῷ
732 450 900 534 παρεόντι.
929 465 1014 519 τοῖσι
1032 453 1070 520 δὲ

64 543 198 631 Ἕλλησι
218 544 408 629 ἐπεβοήθεον
430 550 504 626 νέες
518 560 605 629 τρεῖς
620 549 674 614 καί
694 550 902 635 πεντήκοντα
915 549 1068 618 Ἀττικαί.

62 637 162 710 αὗταί
176 668 211 709 τε
231 643 272 729 δή
288 662 393 728 σφεας
408 646 601 727 ἐπέρρωσαν
615 642 833 734 ἀπικόμεναι,
850 653 905 715 καὶ
920 646 988 732 ἅμα
1005 644 1068 730 ἀγ

60 752 152 826 μελίη
175 745 322 809 ἐλθοῦσα
337 741 385 820 ὡς
403 748 472 808 τῶν
492 744 674 828 βαρβάρων
690 748 724 810 ολ
742 745 988 830 περιπλώοντες
1003 744 1066 829 τήν

61 839 212 926 Εὔβοιαν
221 841 343 918 πάντες
354 849 470 923 είησαν
479 843 722 926 διεφθαρμένοι
732 840 798 908 ὑπὸ
809 851 871 910 τοῦ
880 848 1067 930 γενομένου

60 946 230 1024 χειμῶνος.
246 939 454 1024 φυλάξαντες
466 937 507 1022 δή
517 936 580 1024 τήν
592 936 699 1023 αὐτήν
712 937 804 1024 ὥρην
815 941 1067 1019 πλιόοντεςέπέ-

61 1060 165 1107 πεσον
175 1043 275 1124 νηυσί
286 1046 473 1125 Κιλίσσῃσι,
485 1040 607 1118 τούτοις
618 1041 654 1105 δὲ
667 1045 935 1124 διαφθείραντες,
951 1039 997 1119 ὡς
1008 1039 1066 1107 εὐ-

62 1138 172 1221 φρόνη
197 1139 344 1221 ἐγένετο,
373 1135 551 1204 ἀπέπλωον
578 1134 684 1204 ὀπίσω
709 1139 762 1204 ἐπὶ
787 1136 824 1204 τό
848 1135 1062 1223 Ἀρτεμίσιον.

64 1241 165 1322 Τρίτῃ
181 1235 217 1301 δέ
231 1231 335 1322 ἡμέρῃ
351 1236 465 1302 δεινόν
478 1261 510 1301 τι
524 1234 744 1319 ποιησόμενοι
756 1239 790 1302 ολ
801 1240 978 1323 στρατηγοὶ
994 1243 1062 1303 των
1081 1243 1116 1295 16

59 1331 241 1417 βαρβάρων
256 1335 332 1410 νέας
347 1331 436 1400 οὕτω
448 1352 507 1417 σφι
520 1330 632 1416 ὀλίγας
644 1339 868 1418 λυμαίνεσθαι
880 1337 934 1400 καὶ
944 1333 981 1400 τό
997 1330 1063 1399 ἀπὸ

58 1431 185 1515 Ξέρξεω
206 1433 432 1515 δειμαίνοντες
455 1428 518 1498 οὐκ
539 1428 720 1516 ἀνέμειναν
741 1437 789 1499 έτι
809 1432 889 1510 τοὺς
902 1430 1064 1518 Ἕλληνας

58 1532 163 1617 μα’χης
174 1530 281 1616 ἀρξαι,
293 1530 379 1599 ἀλλά
390 1530 719 1616 παρακελευσάμενοι
732 1529 815 1599 κατά
827 1535 930 1616 μέσον
939 1529 1064 1619 ἡμέρης

57 1627 185 1714 ἀνῆγον
195 1627 254 1707 τάς
265 1631 350 1707 νέας.
368 1633 548 1696 συνέπιπτε
560 1629 596 1696 δέ
608 1628 692 1697 ὥστε
702 1638 777 1717 τήσι
792 1629 911 1718 αότήσι
921 1628 1064 1718 ἡμέρῃσι

56 1722 116 1801 τάς
133 1733 316 1809 ναυμαχίας
331 1731 487 1809 μίνεσδαι
503 1727 626 1803 ταύτας
646 1731 702 1792 καί
720 1726 780 1805 τάς
795 1735 990 1814 πεζομαχίας
1003 1729 1063 1805 τάς

57 1825 95 1890 ἓν
111 1824 356 1910 Θερμοπύλῃσι.
385 1816 430 1907 ήν
446 1823 482 1890 δέ
502 1821 598 1900 πᾶςὸ
617 1822 711 1909 ἀμόν
731 1841 816 1892 τοῖσι
831 1826 913 1893 κατὰ
929 1831 1062 1894 θαλασ-

56 1943 120 1987 σαν
134 1923 283 2004 περὶτοῦ
297 1917 467 2007 Εὐρίπου,
485 1920 596 2004 ὥσπερ
611 1935 696 1988 τοῖσι
710 1919 796 2006 ἀμφὶ
810 1927 984 2006 Λεωνίδην
999 1920 1063 2007 τήν

56 2016 199 2104 ἐσβολήν
213 2017 408 2100 φυλάσσειν.
439 2022 473 2084 ολ
486 2019 549 2102 μέν
568 2016 608 2102 δή
630 2018 895 2098 παρεκελεύοντο
913 2015 1000 2095 ὅκως
1015 2014 1059 2102 μή

53 2114 243 2201 παρήσουσι
265 2117 298 2192 ἐς
312 2112 375 2201 τήν
389 2113 530 2182 Ἑλλάδα
543 2113 623 2193 τούς
638 2124 848 2202 βαρβάρους,
873 2119 907 2182 ολ
922 2113 953 2180 δ’
974 2113 1060 2192 ὅκως

54 2215 90 2280 τὸ
101 2211 297 2299 Ἑλληνικόν
308 2216 496 2298 στράτευμα
511 2218 769 2298 διαφθείραντες
778 2219 840 2280 τοῦ
851 2212 962 2297 πόρου
976 2236 1061 2296 κρα-

52 2316 200 2400 τήσουσι.
218 2313 276 2394 Ὡς
291 2316 327 2382 δὲ
342 2316 519 2401 ταξάμενοι
535 2318 570 2383 οί
582 2319 710 2399 Ξέρξεω
725 2316 913 2398 ἐπέπλωον,
935 2315 969 2379 ολ
980 2308 1057 2378 Ἕλ-
1075 2313 1113 2369 ¹⁶·

53 2421 151 2496 ληνες
166 2410 307 2496 ἀτρέμας
322 2411 411 2497 είχον
422 2411 507 2496 πρὸς
521 2420 567 2501 τῷ
581 2410 780 2501 Ἀρτεμισίῃ.
802 2416 835 2479 ολ
844 2411 880 2477 δὲ
893 2409 1060 2496 βάρβαροι

53 2509 226 2594 μηνοειδὲς
239 2509 436 2593 ποιήσαντες
450 2516 518 2574 τῶν
531 2515 620 2574 νεῶν
635 2510 843 2590 ἐκυαλέοντο,
860 2504 904 2583 ὡς
919 2506 1061 2589 περιλοί-

52 2613 147 2692 βοιεν
164 2601 297 2682 αὐτούς.
329 2606 490 2671 ἐνθεῦτεν
505 2609 539 2672 οί
549 2602 706 2688 ’Έλληνες
723 2604 939 2672 έπαυέπλωόν
953 2631 988 2672 τε
1003 2607 1060 2671 καλ

52 2708 265 2791 συνέμισγον.
294 2707 332 2772 ἐν
352 2705 455 2791 ταύτῃ
471 2713 511 2792 τή
530 2711 698 2792 ναυμαχίῃ
712 2704 938 2791 παραπλήσιοι
953 2701 1058 2789 ἀλλή·

51 2814 138 2871 λοισι
154 2803 319 2888 ἐγένοντο.
343 2800 361 2870 ὁ
376 2801 440 2888 ῃάρ
455 2807 583 2888 Ξέρξεω
598 2800 739 2889 στρατός
752 2800 819 2870 ὑπὸ
837 2803 1005 2889 μεγάθεός
1020 2830 1057 2871 τε

51 2903 106 2970 καλ
119 2902 268 2990 πλήθεος
279 2899 380 2980 αὐτός
394 2900 453 2968 ὑπ’
470 2907 598 2971 ἑωυτοῦ
610 2910 735 2989 ἔπιπτε,
750 2908 1009 2991 ταρασσομένων
1020 2930 1057 2972 τε

51 3010 118 3068 τῶν
133 3011 221 3070 νεῶν
232 3005 287 3070 καλ
298 3006 588 3088 περιπιπτουσέων
602 3008 678 3091 περὶ
689 3004 851 3092 ἀλλήλας·
874 3006 963 3092 ὅμως
974 3011 1057 3093 μέν·

51 3124 102 3165 τοι
122 3097 248 3184 ἀντεῖχε
265 3103 321 3168 καλ
343 3099 405 3169 οὐκ
427 3102 509 3170 εἶκε·
539 3103 653 3172 δεινόν
672 3103 736 3191 ῃάρ
757 3113 866 3192 χρήμα
881 3108 1055 3174 ἐποιεῦντο

50 3193 116 3262 ὑπό
135 3204 222 3263 νεῶν
243 3195 366 3284 ὀλίγων
382 3202 414 3278 ἐς
435 3199 550 3287 φυγήν
568 3205 763 3290 τράπεσδαι.
794 3207 914 3273 πολλαί
928 3206 992 3291 μέν
1011 3204 1055 3293 δή

50 3290 296 3380 τῶνἙλλήνων
306 3300 379 3377 νέες
389 3303 635 3384 διεφθείροντο,
647 3305 765 3370 πολλοὶ
776 3307 812 3370 δέ
822 3300 954 3390 ἀνδρες,
969 3312 1058 3372 πολ-
