2378 3840
148 182 189 244 60
525 183 777 240 HERODOT.

79 357 129 411 125
143 338 386 432 Ἀρισταγόρης.
415 339 590 410 Ἑκαταίου
604 343 666 425 μέν
676 366 742 407 νυν
756 346 817 407 τοῦ
826 335 1072 428 Ἡγησάνδρου,
1091 339 1151 410 ἀνα

147 437 227 524 δρός
237 446 429 526 λογοποιοῦ,
443 437 574 506 τούτων
585 441 647 523 μὲν
658 440 691 516 ἐς
702 434 883 524 οὐδετέρην
894 441 1042 507 στέλλειν
1053 444 1152 526 ἔφερε

148 535 317 624 ήγνιόμη,
338 540 374 604 ἐν
389 542 484 628 Λέρῳ
506 537 542 604 δὲ
558 544 598 624 τῇ
615 537 708 627 νήσῳ
724 549 828 621 τεῖχος
843 537 1153 625 οἰκοδομησάμενον

145 634 289 723 ἡσυχίην
304 633 416 721 ἀγειν,
431 632 476 721 ήν
486 637 608 723 ἐκπέση
622 636 659 703 ἐκ
668 641 726 719 τῆς
736 631 911 719 Μιλήτου,
927 639 1056 703 ἔπειτεν
1067 637 1104 705 δέ
1116 641 1152 705 έκ

77 748 129 803 126
148 733 269 820 ταύτης
280 731 487 820 ὁρμεόμενον
504 732 765 801 κατελεύσεσθαι
777 733 809 810 ἐς
820 728 882 818 τήν
889 739 1052 819 Μίλητον.
1068 742 1151 802 ταῦ-

145 857 186 899 τα
201 831 263 916 μὲν
280 828 321 918 δὴ
331 828 501 909 Ἑκαταῖος
516 829 760 917 συνεβούλευε,
779 826 868 920 αύτῷ
884 832 920 897 δὲ
934 829 1151 920 Ἀρισταγόρῃ

147 925 168 1014 ή
184 935 319 1015 πλείστη
333 927 449 1015 γνύμη
463 919 508 1015 ήν
523 931 556 1007 ές
566 926 629 1015 τήν
640 928 824 1015 Μύρκινον
838 925 990 1015 ἀπάγειν.
1013 928 1075 1018 τήν
1089 931 1151 1018 μέν

148 1024 189 1112 δή
206 1033 360 1113 Μίλητον
375 1025 548 1111 ἐπιτράπει
563 1025 753 1114 Πυθαγόρη
769 1022 866 1110 ἀνδρλ
883 1035 951 1094 τῶν
967 1025 1078 1096 ἀστῶν
1092 1033 1152 1096 δοω

147 1134 244 1217 κίμμ,
258 1122 359 1202 αύτδς
368 1127 405 1192 δὲ
415 1122 620 1212 παραλαβών
631 1125 741 1191 πάντα
751 1120 812 1191 τδν
823 1124 1033 1211 βουλόμενον
1043 1129 1151 1194 ἔπλωε

147 1226 180 1301 ἐς
194 1220 256 1309 τήν
271 1227 437 1309 Θρηίκην,
453 1225 508 1290 καί
523 1227 596 1308 ἔσχε
609 1219 671 1307 τήν
685 1220 815 1308 χώρην,
834 1218 886 1289 ἐπ’
903 1219 947 1308 ήν
962 1224 1090 1309 ἐστάλη.
1115 1227 1151 1291 ἐκ

146 1323 182 1388 δὲ
196 1319 317 1404 ταύτης
331 1316 535 1405 δρμεόμενος
552 1317 736 1387 ἀπόλλυται
750 1316 817 1385 ὑπὸ
830 1326 986 1404 Θρηίκων
1000 1319 1103 1401 αὐτός
1116 1349 1151 1388 τε

146 1415 163 1484 ὁ
176 1416 411 1505 Ἀρισταγόρης
424 1413 508 1485 καλό
522 1411 661 1501 στρατός
676 1412 797 1502 αὐτοῦ,
814 1418 915 1484 πόλιν
928 1420 1151 1506 περικατήμε-

145 1540 205 1593 νος
219 1517 274 1583 καὶ
289 1518 507 1601 βουλομένων
520 1519 589 1580 τῶν
603 1519 759 1597 Θρηίκων
776 1511 1003 1583 ὑποσπόνδων
1018 1519 1148 1596 ἐξιέναι.

537 1711 754 1718 ...α-...ω

439 1855 864 1945 HPOAOTOY

619 2016 674 2051 ΤΟΥ

252 2058 627 2182 ΑΛΙΚἈΡΝΗΣΕΟΣ
646 2111 886 2181 ΙΣΤΟΡΙΩΝ
903 2060 1043 2182 ΕΚΤΗ

373 2239 745 2294 οωιοοιοοοιωαιι
761 2241 914 2294 πειτα.

114 2511 126 2561 1
140 2485 494 2592 ἈΡΙΣΤΑΓΟΡΗΣ
502 2505 564 2588 μέν
573 2530 639 2572 νυν
652 2502 781 2590 Ἰωνίην
792 2502 979 2590 ἀποστήσας
991 2504 1081 2573 οὕτω
1095 2532 1148 2575 τε·

141 2609 258 2691 λευτᾷ,
268 2598 418 2679 Ἱστιαῖος
429 2601 465 2669 δὲ
477 2599 495 2669 δ
508 2603 664 2690 Μιλήτου
674 2604 840 2690 τύραννος
851 2607 1067 2692 μεμετιμένος
1080 2603 1146 2673 ὑπὸ

140 2705 290 2786 Δαρείου
307 2705 420 2786 παρῆν
434 2701 467 2778 ἐς
480 2701 616 2788 Σάρδις.
647 2700 833 2790 ἀπιγμένον
853 2703 889 2770 δέ
903 2699 1013 2770 αύτόν·
1026 2707 1063 2771 ἐκ
1079 2711 1148 2770 τῶν

140 2795 286 2864 Σούσων
307 2805 412 2881 είρετο
424 2793 647 2885 Ἀρταφέρνης
668 2797 860 2883 ὁΣαρδίων
880 2797 1045 2887 ὕπαρχος,
1064 2799 1146 2870 κατά

140 2893 236 2962 κοίόυ
252 2919 283 2960 τι
300 2893 536 2975 δοκέοιἽωνας
547 2894 746 2966 ἀπεστάναι·
769 2895 835 2965 δδὲ
845 2897 923 2967 ούτε
936 2903 1060 2968 εἰδέναι
1071 2906 1146 2987 ἔφη,

143 2988 298 3073 ἐθώμαζέ
318 3019 353 3059 τε
375 2990 413 3060 τό
427 2992 568 3079 γεγονός
582 2992 627 3074 ὡς
637 2993 740 3063 οὐδὲν
750 2999 857 3082 δῆθεν
867 3005 936 3065 τῶν
950 2999 1146 3084 παρεόντων

142 3088 347 3175 πρηγμάτων
359 3091 584 3178 ἐπιστάμενος.
608 3092 626 3162 ὁ
639 3096 676 3161 δὲ
691 3092 912 3181 Ἀρταφέρνης
924 3092 1030 3182 ὁρέων
1042 3093 1146 3162 αὐτόν

141 3186 339 3272 τεχνάζοντα
360 3190 446 3278 εἰπε,
470 3191 564 3272 είδολς
578 3191 641 3281 τήν
660 3190 833 3281 ἀτρέκειαν
849 3201 907 3281 τῆς
927 3191 1145 3276 ἀποστάσιος·

178 3282 242 3352 “vm
256 3308 318 3375 τοι,
330 3285 469 3376 Ἱστιαῖε,
485 3296 550 3377 ἔχει
564 3290 647 3360 κατά
662 3298 765 3360 ταῦτα
777 3289 817 3359 τά
831 3293 1024 3380 πρήγματα·
1047 3303 1144 3362 τοῦτο

61 3292 348 3626 Ἶύπόδημα
360 3393 507 3473 ἔρραψας
517 3391 580 3475 μὲν
591 3389 644 3479 σύ,
653 3389 841 3478 ὑπεδήσατο
854 3391 890 3459 δὲ
901 3389 1133 3483 Ἀρισταγόρης
