2378 3840
136 169 214 231 λθ.
512 175 762 233 HERODOTI

135 328 268 419 otov‚‘
247 358 290 410 ως
304 334 454 418 ἐγίνοντο
469 359 552 399 κατα
541 329 732 419 Χαλκίδα,
750 361 780 401 οι
774 340 972 415 Πλαταιέες
986 335 1138 424 ἀποβάν-

134 457 187 510 τες
202 428 283 509 ἐς“
248 457 311 516 την
331 436 473 514 περαίην
489 438 546 516 τῆς
560 438 720 516 Βοιωτίης
733 433 843 517 χω’ρης
857 431 941 516 πρὸς
957 436 1140 522 ἐκκομιδὴν

133 527 316 612 ἐτράποντο
327 535 394 594 τῶν
410 534 443 594 οί
429 530 572 594 ί.κετέων
592 521 695 595 Οὗτοι
706 531 769 614 μέν
779 556 846 595 νυν
857 529 998 608 τούτους
1011 534 1140 611 στίζον-

131 653 184 704 τες
195 629 409 711 ἐλείφθησαν.
430 624 603 712 Ἀθηναῖοι
615 629 651 694 δὲ
663 628 715 693 ἐπὶ
726 625 978 712 μένΠελασγῶν
990 630 1138 714 ἐχόντων

132 722 194 808 τήν
206 729 272 790 νῦν
282 720 422 790 Ἐλλάδα
437 717 681 808 καλεομένην
658 744 747 809 ησαν
756 729 934 808 Πελασγοί,
950 721 1136 811 ούνομαζύ

131 845 226 907 μενοι
241 820 408 906 Κραναοί,
424 822 476 888 ἐπὶ
493 822 529 888 δὲ
542 825 716 904 Κέκροπος
730 823 1137 909 βασιλέοςέπεκλήθησαν

130 923 351 1006 Κεκροπίδαι,
367 920 587 1004 ἐκδεξαμένου
602 919 638 986 δὲ
652 917 823 1007 Ἐρεχθέος
836 919 898 1006 τήν
913 918 1019 1006 ἀρχὴν
1030 920 1135 1008 Ἀθη-

127 1033 217 1087 ναῖοι
227 1017 561 1105 μετουυομοίσθησαυ,
568 1016 686 1096 Ἴωνος
697 1019 733 1085 δέ
745 1025 806 1085 τού
816 1019 956 1096 Ξούθου
967 1021 1135 1103 στρατάρ-

127 1117 191 1202 χεω
204 1117 389 1202 γενομένου
405 1113 611 1201 Ἀθηναίοισι
628 1117 819 1201 ἐκλήθησαν
839 1115 904 1184 ύπό
919 1119 1043 1186 τούτου
1057 1118 1134 1187 Ἴω-

78 1232 113 1285 45
127 1242 192 1293 νες.
231 1216 404 1298 Μεγαρέες
424 1215 460 1281 δέ
481 1212 588 1281 τώυτὸ
610 1215 773 1302 πλήρωμα
789 1215 984 1303 παρείχοντο
1005 1222 1061 1286 καὶ
1078 1218 1131 1287 ἐπ’

129 1319 330 1403 Αρτεμισίῳ,
351 1311 595 1398 Ἀμπρακιῶται
612 1316 648 1380 δέ
666 1312 746 1381 ἑπτὰ
760 1315 837 1392 νέας
848 1319 979 1399 ἔχοντες
1002 1319 1133 1403 6666-

125 1424 253 1500 θησαν,
269 1412 450 1479 Λευκάδιοι
462 1412 498 1477 δέ
509 1425 607 1497 τρεῖς,
625 1418 727 1491 ἔθνος
743 1407 906 1493 έοντες
864 1439 957 1480 ουτοι
969 1414 1129 1499 Δωρικὸν
1160 1423 1164 1431 ’

77 1527 110 1578 46
126 1536 191 1577 απο
180 1509 383 1590 Κορίνθου
404 1512 608 1594 Νησιωτέοιν
620 1511 656 1577 δὲ
667 1516 842 1595 Αἰγινῆται
852 1513 1031 1597 τριήκοντα
1042 1538 1131 1597 παρ-

125 1615 260 1725 είχοντο.
284 1599 371 1691 ήσαν
383 1607 446 1691 μέν
458 1625 520 1693 σφι
531 1609 585 1674 καὶ
597 1605 694 1676 ἄλλαι
705 1610 1013 1727 πεπληρωμέναι’
972 1636 1056 1697 νεες,
1068 1611 1131 1680 ἆλ-

124 1701 166 1772 λδ
184 1710 257 1792 τῇσι
274 1701 385 1788 μέν’
350 1730 412 1790 την
426 1709 561 1773 ἑωυτῶν
575 1705 785 1791 ἐφύλασσον,
806 1706 984 1793 τριήκοντα
1001 1711 1038 1776 δέ
1053 1717 1129 1796 τῇσι

123 1804 240 1886 ἄριστα
252 1804 448 1892 πλωούσησι
459 1808 670 1890 ένΣαλαμίνι
683 1805 925 1888 ἐναυμάχησαν.
950 1811 1129 1892 Αίγινῆται

123 1905 160 1970 δέ
173 1908 236 1969 είσι
250 1906 398 1985 Δωριέες
413 1902 478 1969 ἀπὸ
496 1902 715 1986 Ἐπιδαύρου·
744 1911 784 1989 τῇ
799 1902 835 1969 δὲ
849 1903 941 1992 νήσῳ
959 1905 1129 1987 πρότερον

121 2001 250 2084 οὕνομα
260 2025 305 2083 ην
318 2000 462 2086 Οίνοένη
480 2016 561 2087 μετα
550 2000 649 2069 ⁸66A
618 2001 799 2086 Αἰγινήτας
811 2001 1038 2079 Χαλκιδέες
1001 2028 1060 2081 τας
1072 2002 1126 2070 ἐπ’

118 2096 305 2216 Ἀρτεμισίῳ
321 2107 426 2165 είκοσι
444 2099 667 2185 παρεχόμενοι
688 2102 742 2166 καὶ
759 2097 988 2219 Ἐρετριέες
952 2125 1011 2178 τας
1026 2103 1127 2167 ἑπτα

119 2186 212 2261 οὗτοι
227 2192 284 2260 δέ”
279 2197 382 2272 Ιωνές
398 2200 468 2262 είσι.
492 2195 573 2280 μετὰ
592 2198 628 2263 δε
639 2203 733 2263 Κείοι
748 2195 807 2274 τοὶς
821 2195 925 2274 αύτᾶς
938 2203 1127 2283 παρεχόμε-

89 2291 92 2295 ’
119 2316 188 2376 νοι,
207 2296 306 2370 έθνος
323 2290 381 2359 έὸν
398 2290 582 2360 Ἰωνικόυ’
562 2294 627 2361 απὸ
641 2292 819 2379 Ἀθηνέων.
848 2295 970 2374 Νύξιοι
984 2298 1022 2362 δέ
1036 2321 1127 2382 παρ-

118 2394 244 2472 είχοντο
262 2389 434 2475 τέσσερας,
455 2389 733 2477 ἀποπεμφθέντες
752 2393 852 2476 μέν’
835 2417 868 2469 ες
887 2391 966 2470 τούς
979 2395 1128 2481 Μήδους

115 2483 182 2552 ὑπὸ
199 2492 267 2551 τῶν
281 2490 483 2572 πολιητέων,
516 2484 661 2570 κατάπερ
682 2481 782 2556 ὧλλοι
796 2496 972 2576 νησιῶται,
995 2490 1126 2581 ἀλογή-

115 2609 233 2665 σαντες
243 2587 280 2654 δέ
290 2583 359 2654 τῶν
371 2591 534 2655 ἐντολέων
545 2587 685 2656 ἀπίκατο
698 2592 731 2667 ές
744 2586 991 2674 τούςἘλληνας
1002 2606 1125 2677 Δημο-

114 2690 230 2767 κρίτου
245 2686 467 2770 σπεύσαντος,
484 2685 607 2771 ἀνδρὸς
621 2694 690 2753 τῶν
700 2683 811 2752 οἰστῶν
823 2680 962 2772 δοκίμου
977 2692 1033 2770 καὶ
1047 2693 1125 2758 τότε

113 2784 402 2868 τριηραρχέοντος·
423 2784 544 2862 Νύξιοι
557 2787 635 2851 δέεί
621 2790 668 2850 σι
674 2783 788 2862 Ἴωνες
803 2781 862 2851 ἀπ’
877 2781 1051 2870 Ἀθηνέων
1066 2816 1125 2874 γε·

114 2883 259 2966 γονότες.
283 2885 429 2965 Στυρέες
445 2882 533 2949 δέ“
496 2906 555 2961 τας
569 2880 672 2961 αύτοὶς
686 2893 882 2968 παρείχοντο
900 2889 977 2962 νέας
994 2885 1125 2975 τοίσπερ

114 2979 165 3048 ἐπ’
192 2978 400 3101 Ἀρτεμισίῳ,
427 2984 576 3050 Κύθνιοι
600 2984 636 3049 δὲ
662 2991 743 3069 μίαν
764 2986 817 3050 καί
842 2983 1124 3077 πεντηκόντερον,

113 3081 225 3157 ἐόντες
235 3080 485 3167 συναμφότεροι
497 3074 590 3148 οὗτοι
602 3082 768 3164 Δρύοπες.
787 3081 935 3163 καλΣερί
934 3091 1011 3167 φιοί
1019 3110 1056 3150 τε
1068 3093 1122 3155 καί

112 3186 252 3261 Σίφνιοι
264 3179 318 3243 καί
328 3177 457 3263 Μήλιοι
469 3180 722 3264 ἐστρατεύοντο·
741 3172 834 3274 οὗτοι
845 3178 911 3266 γὰρ
923 3179 985 3248 ούκ
997 3189 1125 3256 έδοσαν

58 3298 95 3353 ιχ
111 3281 233 3362 μοῦνοι
248 3278 439 3358 νησιωτέων
452 3302 497 3365 τῳ
483 3279 670 3368 βαρβάρῳ
685 3283 751 3363 γῆν
765 3303 801 3343 τε
815 3303 870 3344 και
860 3277 986 3362 ὕδωρ.
1013 3279 1122 3357 Οὗτοι

93 3374 168 3453 μέν
180 3369 329 3452 ἅπαντες
343 3371 437 3454 ἐντὸς
452 3379 620 3461 οἰκημένοι
634 3381 846 3458 Θεσπρωτῶν
860 3379 914 3442 καί.
926 3373 1123 3465 Ἀχέροντος
