2378 3840
125 189 190 253 264
506 184 759 243 HERODOTI

127 347 211 418 ὁδόν
226 347 368 436 έκάστην
387 349 488 424 ἵππος
501 371 537 413 τε
551 344 606 411 καὶ
622 338 708 428 ἀνὴρ
723 345 936 429 τεταγμένος,
959 340 1038 420 τούς
1053 341 1132 410 οὔτε

113 526 115 531 ,
130 444 281 535 νιφετὸς,
299 445 361 515 ούιι
376 445 510 534 ὄμβρος,
527 440 568 509 ού
581 448 704 527 καῦμα,
720 436 762 509 ού
776 438 839 519 νύξ
853 444 943 527 ἔργει
954 439 998 526 μη
1016 439 1058 508 ού
1069 468 1133 508 κα-

128 547 269 615 τανύσαι
288 545 349 614 τόν
368 549 590 632 προκείμενον
616 538 708 632 αύτῷ
739 539 866 627 δρόμον
887 538 950 625 τὴν
964 546 1130 626 ταχίστην.

128 641 223 730 ὁμέν
236 643 276 728 δὴ
292 650 422 731 πρῶτος
436 638 574 729 δρυμόν
594 642 774 733 παραδιδοῖ
791 636 831 705 τά
851 641 1071 726 ἐντεταλμένα
1086 647 1134 729 τῷ

128 741 289 829 δευτέρῳ,
310 736 381 809 ὁδέ
401 738 556 825 δεύτερος
575 743 621 828 τῷ
636 741 751 826 τρίτῳ·
779 733 816 802 τό
837 735 874 804 δέ
888 738 1050 805 ἐνθεῦτεν
1067 734 1134 824 ἤδη

128 835 201 905 κατ’
221 835 324 905 ἄλλον
339 840 532 923 διεξέρχεται
548 835 809 920 παραδιδόμενα,
832 831 979 919 κατάπερ
994 831 1134 920 Ἕλλησι

126 931 148 1020 ἡ
163 938 438 1021 λαμπαδηφορίη,
453 931 515 1020 τὴν
528 939 574 1024 τῷ
583 930 753 1021 Ἡφαίστῳ
771 934 983 1002 ἐπιτελέουσι.
1021 941 1134 1000 Τοῦτο

83 1046 120 1101 99
130 1028 167 1098 τό
183 1029 339 1119 δράμημα
353 1039 421 1100 τῶν
433 1035 546 1100 ἰ’ππων
560 1034 717 1098 καλέουσι
729 1031 856 1117 Πέρσαι
870 1029 1063 1118 ἀγγαρήιον.
1091 1030 1135 1099 Ἡ

129 1132 191 1215 μέν
201 1129 241 1218 δὴ
252 1129 365 1218 πρύτη
376 1136 409 1210 ές
415 1138 532 1200 Σοῦσα
543 1127 678 1216 ἀγγελίη
687 1125 883 1216 ἀπικομένη,
894 1126 938 1209 ὡς
949 1135 1016 1215 ἔχοι
1027 1127 1134 1214 Ἀθη-

128 1255 188 1306 νας
203 1232 340 1316 Ξέρξης,
363 1234 478 1317 ἔτερψε
499 1226 588 1297 οὕτω
608 1227 650 1314 δή
669 1253 701 1295 τι
714 1230 873 1311 Περσέων
893 1227 971 1307 τούς
991 1227 1135 1296 ὑπολει-

127 1329 285 1415 φθέντας,
298 1327 342 1407 ὡς
352 1327 411 1408 τάς
420 1355 456 1397 τε
466 1325 566 1408 ὁδούς
575 1333 756 1415 μυρσίνῃσι
767 1326 875 1406 πάσας
885 1328 1065 1412 ἐστόρεσαν
1076 1330 1134 1395 καί

128 1430 292 1511 έθυμίευν
300 1422 492 1511 θυμιήματα
502 1422 557 1490 καὶ
566 1418 662 1491 αύτοὶ
670 1414 757 1509 ἦσαν
766 1424 802 1490 έν
810 1429 959 1512 θυσίῃσί
964 1451 999 1492 τε
1005 1426 1061 1491 καὶ
1073 1421 1135 1490 εύ-

127 1526 302 1608 παθείησι·
330 1519 350 1609 ἡ
366 1522 402 1589 δέ
418 1522 555 1608 δευτέρη
572 1537 633 1605 σφι
649 1517 783 1606 ἀγγελίη
805 1522 1030 1600 έπεξελθούσα
1045 1542 1135 1589 συν-

128 1621 197 1704 έχεε
211 1618 310 1704 οὕτω,
328 1616 410 1686 ὥστε
421 1616 500 1698 τούς
509 1624 658 1697 κιθῶνας
667 1617 909 1705 κατερρήξαντο
918 1618 1052 1705 πάντες,
1066 1626 1135 1706 βοῇ

127 1719 232 1787 τεκαὶ
247 1723 373 1807 οἰμωγῇ
388 1719 540 1805 ἐχρέοντο
555 1714 695 1808 ἀπλέτῳ,
713 1717 913 1803 Μαρδόνιον
927 1720 964 1787 έν
978 1724 1066 1804 αίτίῃ
1079 1744 1135 1786 τι-

64 1907 66 1911 ,
128 1818 254 1896 θέντες.
276 1812 338 1883 ούιι
353 1813 441 1883 οὕτω
459 1819 495 1884 δέ
509 1818 585 1903 περὶ
599 1822 667 1884 τῶν
683 1823 769 1884 νεῶν
782 1813 965 1904 ἀχθόμενοι
979 1824 1084 1885 ταῦτα
1102 1821 1134 1884 οί

127 1918 255 2000 Πέρσαι
270 1917 421 2002 ἐποίευν,
436 1912 481 1993 ὡς
494 1917 569 2002 περὶ
584 1912 675 2003 αύτῷ
687 1917 792 2002 Ξέρξη
807 1919 1042 2000 δειμαίνοντες.

59 2033 116 2086 ,100
210 2016 276 2081 Καὶ
296 2016 371 2101 περὶ
384 2015 515 2099 Πέρσας
529 2012 592 2099 μέν
613 2005 657 2100 ἦν
673 2018 777 2079 ταῦτα
797 2009 858 2078 τόν
878 2012 987 2078 πάντα
1006 2010 1135 2097 μεταξύ

124 2109 250 2198 χρόνον
264 2111 458 2199 γευόμενον,
473 2115 568 2198 μέχρι
583 2103 626 2179 ού
636 2112 759 2197 Ξέρξης
774 2108 875 2188 αύτός
890 2130 993 2196 σφεας
1008 2105 1135 2175 ἀπικό-

124 2235 224 2294 μενος
239 2214 371 2276 έπαυσε.
393 2208 591 2297 Μαρδόνιος
608 2209 644 2277 δὲ
658 2205 766 2291 ὁρέων
779 2208 842 2296 μέν
856 2211 981 2295 Ξέρξην
995 2227 1135 2293 συμφο-

126 2304 191 2392 ρὴν
204 2305 353 2391 μεγάλην
368 2309 404 2373 ἐκ
417 2313 475 2393 τῆς
492 2314 675 2394 ναυμαχίης
689 2304 910 2393 ποιεύμενον,
927 2303 1134 2373 ὑποπτεύων

127 2403 163 2470 δὲ
177 2399 282 2469 αὐτόν
297 2400 447 2490 δρησμὸν
460 2404 638 2491 βουλεύειν
653 2407 690 2472 ἐκ
704 2410 772 2471 τῶν
783 2403 968 2491 Ἀθηνέων,
988 2412 1134 2490 φροντί-

127 2523 187 2580 σας
207 2498 291 2585 πρός
312 2499 438 2570 ἑωυτόν
464 2499 507 2581 ὡς
529 2504 630 2572 δούσει
651 2508 748 2589 δίκην
774 2502 972 2590 ύναγνύσας
991 2508 1134 2591 βασιλέα

127 2599 367 2688 στρατεύεσθαι
380 2603 432 2669 έπλ
446 2599 509 2686 τὴν
522 2598 679 2686 Ἐλλάδα,
701 2608 761 2669 καί
774 2607 808 2670 οί
819 2605 962 2687 κρέσσον
977 2610 1027 2684 είη
1044 2598 1134 2666 άνα-

126 2704 342 2767 κινδυνεῦσαι
356 2694 378 2786 ἢ
392 2699 661 2785 κατεργάσασθαι
675 2697 737 2787 την
753 2698 895 2770 Ἐλλάδα
913 2695 933 2786 ἢ
948 2697 1053 2768 αύτὸν
1069 2727 1134 2766 κα-

124 2803 190 2875 λῶς
215 2803 407 2882 τελευτῆσαι
432 2795 493 2865 τόν
516 2803 593 2885 βίον
611 2797 696 2886 ὑπὲρ
721 2801 876 2886 μεγάλων
900 2800 1134 2886 αἰωρηθέντα·

125 2899 227 2964 πλέον
241 2898 354 2981 μέντοι
368 2896 469 2983 ἔφερέ
481 2899 515 2964 οί
528 2893 550 2981 ἡ
567 2896 685 2982 γνάμη
700 2898 970 2984 κατεργάσασθαι
984 2894 1134 2982 τὴνἙλ-

123 2994 226 3062 λάδα·
248 2992 467 3081 λογισάμενος
480 2985 529 3060 οἶν
540 2999 846 3082 ταῦταπροσέφερε
859 2993 919 3062 τόν
932 2996 1035 3079 λόγον
1049 2994 1134 3060 τόν-

124 3097 176 3160 δε·
197 3094 363 3178 Δέσποτα,
381 3091 462 3178 μήτε
482 3091 588 3159 λυπέο
605 3092 686 3181 μήτε
698 3089 878 3181 συμφορὴν
893 3096 1057 3179 μηδεμίαν
1069 3119 1134 3176 με-

122 3189 230 3276 γάλην
243 3187 335 3254 ποιέο
347 3191 447 3256 τοῦδε
457 3196 518 3256 τοῦ
532 3190 711 3275 γεγονότος
723 3193 850 3259 εἵνεκεν
862 3190 1063 3277 πρήγματος.
1087 3188 1133 3257 ού

121 3285 186 3376 γάρ
199 3286 308 3368 ξύλων
319 3284 412 3373 άγοὶν
426 3284 444 3355 ὁ
459 3285 496 3354 τό
509 3295 578 3355 πᾶν
589 3291 704 3374 φέρων
717 3291 784 3357 έστλ
795 3286 886 3375 ἡμῖν,
901 3285 975 3355 ἀλλ’
991 3284 1133 3369 ἀνδρῶν

118 3410 157 3452 τε
174 3387 230 3454 καί
251 3386 373 3452 ἵππων.
402 3388 453 3454 σοὶ
471 3385 507 3454 δέ
523 3384 601 3454 ούτε
621 3413 670 3467 τις
685 3387 816 3454 τούτων
836 3393 903 3454 τῶν
923 3383 961 3453 τὸ
983 3392 1052 3451 πᾶν
1067 3403 1132 3467 σφι
