2378 3840
164 152 227 216 194
555 153 794 211 ΗΕΗΟΒΟΉ

170 329 207 394 έν
222 334 389 412 Σαλαμῖνι
401 318 648 409 τοῦςἝλληνας
661 320 721 390 τόν
733 321 879 413 Πέρσην.
896 322 958 392 τόν
971 323 1009 392 δὲ
1019 321 1180 411 Ἀμίλκαν

169 423 401 515 Καρχηδόνιον
416 422 514 492 ἐόντα
527 420 611 512 πρός
628 420 766 509 πατρός,
782 420 951 510 μητρόθεν
964 424 1002 492 δὲ
1020 425 1180 513 Συρηκό·

129 534 143 554 ‘
170 514 254 612 σιον,
266 521 517 612 -βασιλεῦσαντά
533 548 569 590 τε
585 516 659 590 κατ’
675 519 908 610 ἀνδραγαθίην
921 530 1181 613 Καρχηδονίων,

80 664 87 672 ·
169 625 214 705 ώς
227 624 248 713 ἡ
263 623 412 713 συμβολή
424 650 460 691 τε
478 625 610 707 ἐγίνετο
623 621 680 688 καί
695 618 740 702 ώς
754 623 893 690 ἑσσοῦτο
907 629 950 712 τῇ
967 623 1068 714 μάχη,
1088 622 1179 711 ἀφα-

167 731 325 812 νισθῆναι
348 722 578 810 πυνθάνομαι·
604 719 683 790 οῦτε
706 718 771 809 γάρ
794 721 917 803 ζώοντα
940 722 1020 792 οῦτε
1044 720 1180 793 ἀποθα-

168 823 273 893 νόντα
287 830 436 911 φανῆναι
449 816 601 909 οῦδαμοῦ
615 826 693 907 γης·
712 820 749 889 τό
760 824 828 890 πάν
841 819 906 911 γάρ
922 825 1115 904 ἐπεξελθεῖν
1125 831 1179 892 δι-

101 943 152 993 167
169 922 308 1010 ξάμενον
322 924 469 994 Γέλωνα.
494 918 586 992 ’Ἐστι
603 921 641 990 δὲ
653 918 715 988 ὑπ’
731 919 846 990 αῦτών
859 929 1104 1011 Καρχηδονίων
1121 923 1181 992 ὅδε

169 1016 187 1091 ό
202 1023 300 1108 λόγος
313 1021 505 1111 λεγόμενος,
523 1019 628 1090 οίκότι
643 1024 845 1109 χρεομένων,
864 1020 909 1102 ώς
923 1028 958 1091 οί
967 1022 1030 1110 μέν
1046 1023 1180 1112 βάρβα-

169 1150 220 1212 ροι
238 1120 463 1208 τοῖσιἝλληοι
481 1123 518 1189 έν
534 1125 576 1208 τῇ
592 1126 733 1209 Σικελίῃ
752 1121 911 1208 ἐμάχοντο
930 1125 962 1204 ἐξ
977 1121 1060 1209 ἠοῦς
1074 1121 1180 1211 ἀρξά-

169 1249 262 1309 μενοι
274 1227 369 1311 μέχρι
381 1226 492 1307 δείλης
506 1217 604 1305 ὀψίης
618 1219 691 1286 ’ἐπὶ
704 1227 843 1289 τοσοῦτο
856 1219 920 1307 γάρ
935 1224 1064 1306 λέγεται
1079 1220 1179 1290 ἑλκό-

168 1342 223 1390 σαι
239 1320 300 1408 τὴν
323 1319 498 1389 σάστασιυ·
524 1317 542 1387 ὁ
567 1318 605 1386 δὲ
619 1316 774 1407 Ἀμίλκας
800 1323 837 1389 ἐν
860 1319 967 1410 τοῦτφ
992 1326 1039 1408 τῷ
1065 1321 1178 1410 χρόνῳ

168 1424 282 1508 μένων
296 1424 332 1489 έν
344 1426 392 1510 τῷ
402 1419 613 1509 στρατοπέδῳ
627 1420 830 1504 έκαλλιρέετο
844 1420 899 1484 ἐπὶ
912 1422 1020 1506 πυρῆς
1032 1417 1180 1505 μεγάλης

70 1591 78 1603 ,
170 1518 390 1607 σώματαόλα
409 1525 609 1601 καταγίζων,
636 1513 720 1583 ίδών
744 1516 783 1585 δὲ
804 1515 932 1607 τροπὴν
955 1519 1024 1586 τών
1050 1519 1180 1586 ἑωυτοῦ

169 1620 360 1705 γινομένην,
378 1610 423 1695 ώς
441 1621 536 1702 ἔτυχε
555 1616 764 1684 ἐπισπένδων
780 1630 866 1685 τοῖσι
884 1621 994 1706 ίροίσι,
1013 1609 1079 1686 ώσε
1094 1618 1179 1686 ἕωυ-

169 1718 230 1786 τόν
255 1721 288 1796 ές
311 1714 348 1784 τό
373 1718 456 1801 πῦρ·
481 1712 571 1784 οῦτω
595 1707 638 1802 δὴ
661 1717 916 1785 κατακαυθέντα
940 1714 1178 1804 ἀφανισθῆναι.

170 1815 390 1904 ἀφανισθέντι
407 1815 445 1884 δὲ
459 1813 596 1904 Ἀμίλκα
612 1815 808 1908 τρόπφείτε
824 1815 975 1908 τοιοότφ,
994 1815 1039 1897 ώς
1059 1825 1180 1887 Φοίνι-

170 1944 225 1998 κες
242 1918 396 2002 λέγουσι,
420 1926 487 1984 εἴτε
506 1919 622 2005 έτέρφ,
648 1913 693 1994 ώς
710 1915 933 2003 Συρηκόσιοι,
950 1922 1048 1985 τοῦτο
1065 1917 1129 2004 μὲν
1148 1923 1183 1986 οί

171 2016 315 2102 θῦουσι,
339 2018 438 2084 τοῦτο
466 2015 503 2082 δὲ
527 2012 682 2102 μνήματα
709 2019 870 2102 ἐποίησαν
896 2019 933 2085 ἐν
956 2015 1080 2107 πάσησι
1103 2023 1182 2106 τῇσι

171 2116 283 2184 πόλισι
300 2121 369 2183 τών
387 2115 581 2198 ἀποικίδων,
601 2117 637 2181 έν
655 2110 742 2204 αῦτῇ
755 2143 790 2184 τε
807 2117 962 2202 μέγιστον
975 2106 1181 2206 Καρχηδόνι.

178 2215 226 2288 Τά
245 2215 307 2305 μέν
325 2211 391 2285 ἀπὸ
410 2222 564 2300 Σικελίης
581 2221 737 2283 τοσαῦτα.

101 2339 156 2391 ,1οὸ
249 2328 451 2406 Κερκυραῖοι
478 2311 612 2385 δὲτάδε
628 2313 888 2406 ὑποκρινάμενοι
910 2331 994 2386 τοῖσι
1012 2311 1182 2404 ἀγγέλοισι

172 2419 283 2513 τοιάδε
308 2421 484 2505 ἐποίησαν·
510 2417 567 2484 καὶ
590 2416 655 2503 γάρ
671 2415 813 2497 τούτους
831 2417 1088 2506 παρελάμβανον
1107 2413 1181 2485 ώυ-

171 2519 223 2587 τοί
238 2524 333 2607 οἵπερ
346 2519 403 2586 καί
417 2521 450 2596 ές
461 2522 618 2602 Σικελίην
632 2512 786 2605 ἀπίκατο,
800 2519 954 2603 λέγοντες
966 2516 1045 2596 τοῦς
1055 2513 1182 2597 αῦτοῦς

174 2619 295 2703 λόγους
307 2618 387 2697 τοῦς
400 2618 456 2686 καί
474 2614 559 2704 πρός
573 2617 710 2685 Γέλωνα
729 2623 853 2702 ἔλεγον.
886 2621 921 2685 οί
936 2617 974 2685 δέ
991 2625 1183 2706 παραυτίκα

173 2719 236 2806 μέν
253 2716 437 2804 ῦπίσχοντο
454 2718 596 2804 πέμψειν
613 2744 648 2785 τε
665 2718 721 2784 καὶ
739 2715 909 2804 ἀμυνέειν,
927 2716 1117 2805 φράζοντες,
1137 2716 1183 2796 ώς

173 2817 215 2886 οῦ
229 2838 289 2898 σφι
303 2819 478 2906 περιοπτέη
490 2810 709 2901 έστὶὴἘλλάς
718 2812 933 2904 ἀπολλυμένη
948 2811 1008 2903 ’ἢν
1016 2817 1081 2905 γάρ
1092 2840 1182 2904 σφα-

173 2923 230 3005 λῇ,
256 2932 352 3003 σφεῖς
370 2944 408 3002 γε
425 2913 528 2986 οῦδὲν
546 2913 662 3002 άλλοῆ
680 2916 902 2984 δουλεύσουσι
917 2921 960 3005 τῇ
978 2915 1094 3005 πρώτη
1112 2922 1183 2985 τών

171 3013 338 3106 ἡμερέων·
355 3015 440 3084 ἀλλά
456 3015 657 3103 τιμωρητέον
667 3026 716 3102 εἴη
728 3019 760 3094 ἐς
769 3015 810 3084 τά
824 3015 1068 3084 δυνατώτατον.
1095 3014 1184 3084 ῦπε-

175 3124 334 3201 κρίναντο
356 3117 420 3205 μὲν
443 3115 531 3185 οὕτω
550 3112 765 3201 εὐπρόσωπα,
791 3116 862 3184 ἐπεὶ
880 3115 918 3184 δὲ
937 3120 1008 3184 ἔδεε
1024 3118 1182 3202 βωθέειν,

175 3218 259 3285 ἀλλα
272 3222 428 3296 νοεῦντες
442 3215 638 3305 ἐπλήρωσαν
651 3217 729 3296 νέας
748 3215 916 3303 ἑξήκοντα,
934 3214 1030 3302 μόγις
1044 3215 1082 3283 δὲ
1096 3215 1184 3283 ἀνα-

174 3318 312 3404 χθέντες
329 3319 529 3407 προσέμιξαν
546 3322 588 3406 τῇ
605 3315 871 3408 Πελοποννήσῳ,
889 3315 1039 3403 καὶπερὶ
1057 3314 1181 3384 Πάλον

171 3419 230 3486 καὶ
253 3421 422 3506 Ταίναρον
447 3424 508 3504 γῆς
525 3422 585 3504 τῆς
602 3422 875 3505 Λακεδαιμονίων
893 3413 1104 3503 ἀνεκώχευον
1121 3415 1184 3495 τάς
