2378 3840
141 199 206 265 274
519 207 770 266 HERODOTI

19 431 21 434 ⁴
74 378 125 434 118
138 366 249 434 λοιποὶ
270 362 338 449 ἅμα
354 368 459 454 Ξέρξη
479 364 693 434 ἀπικνέονται
714 370 747 444 ές
758 367 895 451 Σάρδις.
932 366 1023 437 Ἔστι
1039 370 1077 437 δὲ
1093 372 1151 436 καὶ

140 457 240 540 ἀλλος
257 460 315 530 όδε
332 462 430 547 λόγος
450 463 647 550 λεγόμενος,
669 458 714 541 ἀς
728 462 840 550 ἐπειδή
857 471 979 554 Ξέρξης
994 464 1148 535 ἀπελαύ-

139 586 211 627 νων
226 562 259 639 ἐξ
271 557 440 646 Ἀθηνέων
457 556 592 628 ἀπίκετο
608 555 660 627 ἐπ’
682 557 798 649 Ἠϊόνα
812 559 874 647 τήν
890 565 943 631 ἐπὶ
957 561 1147 650 Στρυμόνι,

140 663 302 730 ἐνθεῦτεν
323 656 434 727 οόκέτι
461 656 671 746 ὁδοιπορίῃσι
695 662 862 744 διεχρᾶτο,
894 658 978 729 ἀλλὰ
998 660 1061 748 τήν
1083 665 1148 748 μὲν

140 753 299 843 στρατιήν
308 753 462 839 Ὑδάρνεϊ
475 755 648 842 ἐπιτράπει
662 752 804 841 ἀπάγειν
821 758 854 834 ἐς
870 755 930 824 τδν
939 755 1148 845 Ἑλλήσπον-

140 881 216 941 τον,
231 852 331 933 αὐτὸς
343 852 375 922 δ’
388 857 441 923 έπὶ
454 852 532 933 νεδς
543 860 723 939 Φοινίσσης
734 851 850 940 ἐπιβάς
860 855 1023 941 ἐκομίζετο
1036 858 1069 933 ἐς
1084 853 1148 940 τήν

135 948 257 1038 Ἀσίην.
291 951 446 1019 πλώοντα
462 955 501 1019 δέ
512 977 571 1038 μιν
586 949 713 1037 άνεμον
728 959 945 1039 Στρυμονίην
960 951 1145 1039 ὑπολαβεῖν

140 1051 245 1138 μέγαν
256 1053 311 1119 καί
320 1058 493 1138 ’κυματίην
516 1053 571 1120 καὶ
582 1055 635 1136 δή·
648 1056 776 1136 μᾶλλον
790 1050 855 1136 γάρ
867 1077 899 1118 τι
912 1059 1147 1138 χειμαίνεσθαι

138 1148 306 1233 νεμούσης
320 1156 378 1234 τῆς
392 1147 467 1228 νεός
485 1147 570 1217 ὥστε
588 1150 641 1216 ἐπὶ
656 1153 717 1216 τοῦ
735 1149 1009 1235 καταστρώματος
1024 1152 1147 1220 ἐπεόν-

139 1274 207 1318 των
221 1255 354 1335 συχνών
368 1251 528 1336 Περσέων
543 1255 612 1317 τών
626 1245 691 1316 σόν
705 1250 812 1336 Ξέρξη
829 1254 1068 1335 κομιζομένων·
1090 1253 1146 1318 έν-

139 1354 250 1418 &asna
266 1351 298 1426 ἐς
315 1352 410 1435 δεῖμα
430 1348 576 1417 πεσόντα
589 1346 650 1416 τὸν
670 1351 808 1436 βασιλέα
823 1357 973 1434 εἴρεσθαι
986 1349 1147 1436 βώσαντα

139 1446 200 1517 τδν
214 1448 435 1534 κυβερνήτην,
453 1458 486 1516 εί
497 1473 546 1528 τις
557 1450 629 1516 ἐστί
640 1468 702 1537 σφι,
715 1453 868 1534 σωτηρίη.
892 1451 947 1516 καί
961 1446 1021 1516 τόν
1037 1447 1145 1517 εἴπατ’

138 1547 305 1630 Δέσποτα,
321 1542 384 1612 οὐκ
398 1551 466 1614 ἔστι
484 1541 699 1634 οὐδεμία,“ήν
713 1544 757 1634 μή
768 1545 899 1615 τούτων
909 1542 1085 1632 ἀπαλλαγή
1097 1572 1145 1624 τις

136 1644 272 1731 γένηται
282 1648 351 1709 τών
359 1650 493 1712 πολλῶν
502 1645 693 1730 ἐπιβατέων.
707 1647 762 1713 καὶ
767 1644 895 1730 Ξέρξην
900 1647 1027 1730 λέγεται
1038 1642 1145 1711 ἀκού-

138 1762 242 1808 σαντα
257 1746 361 1807 ταῦτα
376 1738 481 1814 εἶπαι·
500 1740 640 1827 ’Ἀνδρες
653 1744 798 1830 Πέρσαι,
815 1748 881 1830 νῦν
895 1767 944 1820 τις
960 1741 1145 1822 διαδεξάτω

137 1834 251 1924 ὑμέων
266 1840 422 1924 βασιλέος
434 1837 634 1925 κηδόμενος·
657 1840 694 1907 ἐν
705 1835 787 1926 ὑμῖν
801 1835 867 1926 γάρ
881 1837 950 1906 οἶκε
967 1840 1039 1926 ἐμοὶ
1057 1837 1145 1907 εἶναι

138 1933 158 2022 ή
177 1938 331 2020 σωτηρίη.
358 1930 426 2001 Τδν
443 1935 505 2020 μέν
518 1943 622 2003 ταῦτα
635 1937 756 2022 λέγειν,
771 1930 850 2013 τούς
860 1935 896 2002 δὲ
910 1940 1142 2021 προσκυνέονε

137 2059 196 2111 τας
217 2033 365 2116 ἐκπηδᾶν
385 2034 418 2110 ἐς
432 2030 495 2120 τήν
514 2035 707 2119 θάλασσαν,
731 2035 785 2101 καὶ
806 2031 867 2120 τήν
882 2035 941 2101 νέα
962 2036 1144 2121 ἐπικουφι-

139 2140 280 2198 σθεῖσαν
294 2129 383 2197 οῧτω
399 2128 439 2216 δή
458 2128 679 2218 ἀποσωθῆναι
696 2135 729 2212 ές
744 2129 805 2218 τήν
821 2129 942 2218 Ἀσίην.
974 2128 1018 2209 ὡς
1034 2133 1072 2199 δὲ
1088 2135 1144 2200 ἐκ·

138 2235 239 2317 βῆναι
252 2225 387 2313 τάχιστα
402 2232 435 2309 ἐς
448 2236 512 2315 μήν
527 2227 588 2298 τὸν
601 2232 739 2317 Ξέρξην,
760 2235 896 2315 ποιῆσαι
912 2228 1059 2296 τοιόνδε·
1091 2227 1144 2295 ὅτι

137 2328 199 2412 μὲν
210 2331 312 2394 ἔσωσε
323 2326 477 2412 βασιλέος
486 2324 550 2413 τήν
560 2323 681 2415 ψυχήν,
696 2326 912 2414 δωρήσασθαι
923 2325 1055 2417 χρυσέῳ
1066 2347 1144 2394 στε-

139 2425 236 2516 φάνῳ
256 2421 318 2490 τόν
338 2424 564 2512 κυβερνήτην,
591 2422 642 2493 ὅτι
658 2424 694 2492 δὲ
707 2423 867 2511 Περσέων
884 2421 1028 2502 πολλοὺς
1046 2421 1144 2492 ἀπώ-

72 2532 120 2586 119
136 2533 228 2608 λεσε,
250 2519 434 2610 ἀποταμεῖν
454 2522 518 2612 τήν
531 2522 683 2611 κεφαλήν
704 2521 818 2592 αὐτοῦ.
857 2516 966 2602 Οὗτος
986 2523 1022 2592 δὲ
1040 2522 1143 2604 ἀλλος

138 2622 267 2708 λέγεται
282 2620 382 2707 λόγος
394 2624 470 2710 περὶ
484 2629 545 2691 τοῦ
561 2622 692 2707 Ξέρξεω
706 2623 841 2708 νόστου,
857 2617 1012 2708 οὐδαμῶς
1027 2626 1143 2708 ἔμοιγε

137 2721 269 2804 πιστός,
291 2716 491 2799 οὕτεάλλως
514 2720 592 2788 οὕτε
613 2716 650 2788 τδ
667 2718 827 2807 Περσέων
848 2724 945 2790 τοῦτο
960 2716 1082 2796 πάθος.
1116 2724 1144 2786 εί

136 2816 200 2905 γὰρ
216 2816 258 2904 δή
273 2825 376 2884 ταῦτα
388 2816 475 2887 οὕτω
490 2819 605 2904 εἰρέθη
616 2820 653 2886 έκ
662 2823 724 2885 τοῦ
738 2812 950 2904 κυβερνήτεω
961 2813 1045 2902 πρὸς
1055 2815 1143 2903 Ξέρ-

137 2921 210 3006 ξην,
219 2918 257 2984 έν
270 2922 408 3004 μυρίησι
421 2916 573 3005 μνώμησι
583 2921 664 3003 μίαν
678 2913 741 2983 οὐκ
752 2920 814 3001 ἔχω
829 2912 1000 2998 ἀντίξοον,
1016 2910 1061 2999 μή
1078 2910 1143 2981 οὐκ

137 3010 179 3082 δν
192 3021 328 3100 ποιήσαι
345 3014 483 3101 βασιλέα
496 3015 640 3103 τοιόνδε,
654 3011 733 3093 τοδς
742 3014 805 3100 μὲν
821 3015 857 3080 ἐκ
870 3017 932 3079 τοῦ
946 3012 1143 3097 καταστρώ-

136 3139 237 3196 ματος
249 3114 469 3201 καταβιβάσαι
480 3116 516 3191 ἐς4
523 3119 642 3199 κοίλην
652 3111 712 3182 νέα
724 3109 977 3197 ἐόνταςΠέρσας
988 3111 1143 3195 καὶΠερ-

136 3208 224 3278 σε’ων
240 3206 318 3289 τούς
332 3209 504 3297 πρώτους,
523 3217 592 3278 τών
613 3208 645 3278 δ’
666 3209 806 3298 ἐρετέων
826 3207 952 3275 ἐόντων
970 3212 1143 3274 Φοινίκων

136 3305 224 3386 ὅκως
238 3303 301 3374 οάκ
317 3303 449 3377 ἀνίσου
464 3315 594 3395 πλῆθος
614 3321 699 3376 τοῖσι
713 3307 863 3394 Πέρσησι
879 3304 1012 3391 ἐξέβαλε
1030 3306 1063 3382 ἐς
1079 3300 1143 3392 τήν

129 3409 318 3474 θάλασσαν.
353 3401 428 3476 ἀλλ’
453 3403 471 3475 ὁ
494 3407 575 3496 μὲν,
600 3405 644 3486 ὡς
660 3408 715 3474 καὶ
737 3403 903 3492 πρότερόν
924 3428 982 3490 μοι
999 3414 1143 3491 εῖρηται.
