2378 3840
119 153 161 217 84
504 159 740 217 HERODOTI
815 176 817 183 ⁴

121 322 352 416 γάράποθάνη
362 326 517 414 βασιλεός
528 333 811 416 Λακεδαιμονίων,
827 333 863 396 έκ
872 326 980 416 πάσης
991 335 1042 398 δελ
1057 340 1127 398 Δα-

122 432 330 520 κεὸαίμορυος,
345 428 445 516 χωρὶς
455 431 702 516 Σπαρτιητέων,
717 422 848 520 ἀριθμῷ
867 433 935 496 τῶν
950 437 1128 516 περιοίκων

122 521 352 613 άναγκαστοός
364 527 440 606 έςτό
454 533 554 614 κῆδος
566 531 665 596 ἰέναι·
678 529 807 597 τούτων
818 522 866 598 όν
875 530 931 596 καὶ
944 536 1013 596 τῶν
1028 534 1127 597 εἱλω-

121 623 386 696 τίωυκαὶαότιόν
394 631 628 716 Σπαρτιητέων
636 627 968 716 έπεάυσυλλεχθέωσι
977 631 1009 707 ές
1017 627 1125 698 τώυτό

122 729 242 795 πολλαὶ
259 728 414 814 χιλιάδες,
432 728 579 815 σύμμιγα
596 735 670 818 τῇσι
687 730 819 815 γυναιξὶ
836 729 1019 797 κόπτονταί
1033 757 1069 796 τε
1085 727 1126 796 τά

119 827 254 913 μέτωπα
264 828 447 915 προθύμως
454 829 645 918 καὶοίμωγῇ
655 831 861 917 διαχρέονται
868 827 1009 921 ἀπλέτῳ,
1020 830 1127 916 φάμε-

119 952 172 993 νοι
188 925 249 993 τόν
263 926 407 994 ὕστατον
422 931 485 995 αἰεὶ
501 924 752 1012 ἀπογενόμενον
766 934 834 994 των
848 933 1029 1015 βασιλέων,
1045 937 1124 998 τοῦ·

118 1052 178 1093 του
193 1024 233 1112 δὴ
249 1027 407 1110 γενέσθαι
422 1023 568 1112 άριστου.
592 1024 629 1102 ὃς
643 1022 674 1091 δ’
692 1021 736 1092 άν
749 1027 787 1093 έν
801 1030 934 1117 πολέμῳ
945 1035 1013 1094 τῶν
1027 1036 1125 1116 βασι-

118 1131 205 1194 λέων
220 1123 394 1213 άποθάνη,
408 1128 515 1216 τούτῳ
531 1129 566 1194 δὲ
582 1131 722 1194 είὸωλου
738 1126 962 1206 σκευάσαντες
976 1133 1013 1200 έν
1028 1137 1123 1215 κλίνη

119 1217 159 1292 εὖ
175 1226 364 1314 ἐστρωμένῃ
379 1228 568 1312 ἐκφέρουσι.
592 1225 694 1294 ἐπεάν
710 1228 746 1294 δὲ
760 1227 909 1313 θάψωσι,
924 1226 1030 1315 άγορὴ
1046 1233 1123 1296 δέκα

71 1346 72 1349 ’
117 1321 269 1412 ἡμερέων
280 1322 342 1392 οὐκ
357 1328 489 1394 ἵσταταί
496 1346 567 1413 σφι,
586 1322 660 1393 οὐδ’
678 1322 871 1410 άρχαιρεσιή
883 1331 1024 1411 συνίζει,
1040 1323 1123 1394 άλλά

69 1448 104 1502 59
119 1429 303 1493 πενθέουσι
313 1425 435 1503 ταότας
444 1424 503 1504 τάς
514 1423 646 1512 ἡμέρας.
660 1427 898 1510 Σνμφέρονται
909 1423 945 1492 δὲ
957 1423 1038 1493 ἄλλο
1050 1423 1124 1492 τόδε

116 1540 202 1592 τοῖσι
216 1526 380 1612 Πέρσησι·
407 1522 510 1592 ἐπεάν
526 1521 762 1600 ἀποθανόντος
781 1530 842 1589 τοῦ
859 1525 1012 1608 βασιλέος
1026 1520 1125 1600 άλλος

99 1624 284 1706 ’ἐνίστηται
306 1624 480 1709 βασιλειίς,
505 1613 641 1699 οὗτοςὸ
666 1619 766 1688 έσιών
787 1621 965 1705 ἐλευθεροῖ
981 1619 1073 1698 ὅστις
1093 1644 1125 1687 τι

116 1720 356 1803 Σπαρτιητέων
370 1725 415 1808 τῷ
430 1713 594 1805 βασιλέιῆ
608 1724 653 1808 τῷ
669 1722 816 1807 δημοσίω
832 1713 961 1802 ὤφειλε.
986 1719 1023 1784 έν
1035 1715 1066 1784 δ’
1081 1710 1124 1784 αὖ

115 1816 264 1905 Πέρσησι
282 1812 300 1884 ὁ
322 1816 559 1903 κατιστάμενος
575 1812 733 1904 βασιλευς
753 1811 814 1881 τὸν
834 1816 1123 1901 προοφειλόμενον

67 1943 102 1996 00
117 1915 227 2003 φόρου
244 1923 346 2001 μετίει
359 1925 434 2006 τῇσι
453 1919 568 1986 πόλισι
585 1916 720 2005 πάσῃσι.
763 1906 1004 2001 Συμφέρουται
1020 1918 1124 1984 δὲκαὶ

115 2014 195 2081 τάδε
212 2019 422 2099 Αἰγυπτίοισι
436 2015 714 2100 Λακεδαιμόνιοι·
737 2017 772 2081 οί
784 2013 928 2100 κη’ρυκες
942 2012 1056 2083 αὐτῶν
1070 2017 1124 2083 καὶ

116 2111 256 2199 αὐληταὶ
275 2116 330 2182 καὶ
349 2114 504 2200 μάγειροι
518 2118 710 2184 ἐκδέκονται
728 2111 788 2192 τάς
809 2122 976 2201 πατρωίας
996 2119 1123 2204 τέχνας,

115 2213 171 2278 καὶ
186 2209 331 2297 αὐλητής
346 2237 381 2278 τε
401 2211 550 2300 αὐλητέω
570 2220 697 2300 γίνεται
714 2215 769 2280 καὶ
788 2211 947 2299 μάγειρος
961 2223 1124 2303 μαγείρου

114 2310 170 2376 καὶ
179 2311 284 2393 κῆρυξ
294 2309 455 2395 κήρυκος·
471 2310 513 2380 οὐ
524 2310 606 2380 κατά
618 2318 886 2397 λαμπροφωνίην
897 2314 1124 2398 ἐπιτιθέμενοι

114 2406 209 2475 άλλοι
226 2410 330 2491 σφέας
344 2418 604 2496 παρακληίουσι,
623 2407 708 2478 άλλίι
721 2406 806 2477 κατά
821 2406 861 2476 τά
878 2410 1000 2496 πάτρια
1015 2415 1125 2502 εἠγτε-

114 2507 237 2575 λέουσι.
261 2512 364 2573 ταῦτα
378 2505 441 2593 μέν
455 2506 496 2594 δὴ
512 2507 600 2576 οὕτω
617 2514 752 2594 γίνεται.

64 2628 98 2682 ω
201 2612 321 2672 ΤΟΤΕ
341 2604 378 2672 δέ
398 2602 459 2672 τόν
479 2611 668 2692 Κλεομένεα
690 2606 788 2673 ἐόντα
809 2607 847 2672 έν
868 2613 908 2695 τῇ
927 2612 1053 2696 Αἰγίνη
1068 2612 1124 2676 καὶ

114 2702 212 2772 κοινά
228 2702 409 2791 τῇἘλλάδι
441 2700 555 2788 ἀγαθά
576 2703 865 2790 προεργαζόμενον
885 2702 903 2770 ὁ
919 2704 1124 2791 Δημάρητος

114 2807 256 2889 διέβαλε,
270 2797 333 2867 οὐκ
345 2806 552 2886 Αἰγινητέων
563 2800 652 2868 οὕτω
664 2802 859 2887 κηδόμενος,
875 2799 920 2880 όις
932 2803 1056 2895 φθόνῳ
1069 2806 1123 2871 καὶ
1138 2811 1142 2815 ’

113 2898 178 2986 άγη
189 2896 375 2984 χρεόμενος.
391 2903 580 2984 Κλεομένης
591 2900 626 2966 δὲ
634 2898 796 2986 νοστήσας
806 2897 1011 2987 άπἈίγίυης
1022 2903 1123 2989 ἐβού-

115 3007 192 3066 λευε
206 2994 267 3064 τόν
278 2996 483 3085 Δημάρητον
498 3005 624 3066 παῦσαι
638 3005 695 3084 της
708 3004 898 3086 βασιληίης,
914 2996 970 3065 διὰ
984 3005 1122 3088 πρῆγμα

113 3095 246 3165 τοιόνδε
263 3098 416 3180 ἐπίβασιν
433 3102 466 3176 ές
483 3096 589 3166 αὐτόν
602 3095 817 3183 ποιεόμενος·
837 3094 1010 3182 Ἀρίστωνι
1023 3107 1122 3186 βασι-

113 3195 248 3264 λεύοντι
262 3199 299 3261 έν
309 3196 450 3285 Σπάρτη
463 3201 518 3266 καὶ
529 3199 672 3284 γημαυτι
683 3211 845 3283 γυναῖκας
856 3197 919 3264 δύο
931 3202 1048 3277 παῖδες
1058 3196 1120 3266 οίαι

113 3296 274 3380 ἐγίνοντο.
299 3300 354 3363 καί
365 3294 407 3363 οὐ
424 3295 489 3381 γάρ
504 3297 768 3382 συνεγινώσκετο
780 3293 882 3375 αὐτὸς
892 3295 1024 3364 τούτων
1035 3295 1118 3365 εἶναι
1165 3354 1167 3375 ,

112 3399 232 3475 αἴτιος,
247 3397 362 3478 γαμέει
377 3401 492 3480 τρίτην
505 3412 657 3480 γυναῖκα.
681 3389 745 3464 οἶδε
761 3397 797 3464 δὲ
809 3399 932 3482 γαμέει.
954 3390 1000 3480 ἦν
1015 3399 1050 3464 ol
1061 3402 1118 3481 φί-
