2378 3840
342 176 424 234 [ΑΒ.
461 175 496 230 V.
530 176 628 233 cAP.
661 184 801 236 51--54.
1031 175 1072 240 25

67 335 188 419 ἥμισυ,
210 335 263 400 καί
279 331 511 419 φυλακτήριον
525 335 563 400 έν
577 329 717 402 αότοίσι.
746 338 887 420 ποταμοὶ
903 339 938 403 δέ
953 361 1072 424 νηυσι-

65 436 204 522 πέρητοι
218 435 369 516 τέσσερες
384 430 439 501 διὰ
454 432 575 521 ταύτης
589 436 721 522 ῥέουσι,
741 432 822 513 τούς
836 443 928 505 πᾶσα
944 435 1073 528 ἀνάγκη

66 534 343 617 διαπορθμεύσαί
353 533 438 619 έστι,
460 538 590 617 πρῶτος
609 529 672 618 μὲν
690 537 819 619 Τίγρις,
841 532 923 620 μετά
939 536 975 603 δὲ
995 537 1075 604 δεύ-

61 628 158 720 τερός
176 656 212 697 τε
228 629 285 696 καί
302 637 411 717 τρίτος
436 624 544 709 ῶυτός
566 629 829 717 ούνομαζόμενος
848 632 997 718 Ζάβατος
1016 627 1079 701 ούκ

63 724 174 810 ῶυτός
188 726 254 798 ἐῶν
266 727 415 817 ποταμός
428 724 510 799 ούδὲ
528 732 564 798 έκ
577 735 637 798 τού
655 727 761 799 αύτού
776 731 878 820 ῥέων·
897 730 915 799 ὁ
933 733 995 821 μέν
1013 731 1080 823 γάρ

62 829 225 918 πρότερος
234 824 350 898 αύτῶν
358 831 573 918 καταλεχθεὶς
582 832 614 912 ἐξ
625 827 810 919 Ἀρμενίων
818 830 970 921 &affl
978 829 1078 902 ύστε-

63 959 125 1020 ρον
143 932 181 999 ἐκ
199 936 393 1018 Ματιηνῶν.
428 927 447 998 ὁ
465 930 504 999 δὲ
516 932 670 1020 τέταρτος
687 936 756 1000 τῶν
773 938 932 1019 ποταμῶν
950 930 1080 1021 ούυομα

64 1038 130 1119 ἔχει
148 1031 299 1123 Γύνδης,
317 1029 378 1100 τόν
395 1035 508 1120 Κύρος
526 1032 661 1118 διέλαβέ
674 1057 749 1102 κοτε
767 1034 800 1113 ές
819 1032 985 1121 διῶρυχας
1005 1033 1080 1121 ἑξή-

63 1130 230 1201 κοντακαί
243 1137 445 1222 τριηκοσίας.
465 1133 501 1199 έκ
515 1130 553 1201 δέ
565 1129 688 1218 ταύτης
697 1136 756 1219 τῆς
766 1127 942 1221 Ἀρμενίης
957 1133 1079 1220 έσβάλ-

65 1240 156 1301 λοντι
175 1233 208 1312 ές
224 1230 287 1321 τήν
305 1229 486 1319 Ματιηνὴν
508 1237 572 1319 γῆν
596 1241 743 1320 σταθμοί
765 1239 828 1301 είσι
851 1236 1004 1321 τέσσερες
1022 1234 1080 1301 καί

63 1329 251 1422 τριήκοντα,
265 1331 477 1420 παρασάγγαι
486 1331 524 1401 δέ
538 1331 618 1401 ἑπτά
630 1335 688 1400 καὶ
701 1333 877 1421 τριήκοντα
884 1336 940 1401 καὶ
949 1334 1077 1404 ἑκατόν,

66 1437 103 1502 έκ
117 1431 155 1500 δὲ
168 1429 291 1517 ταύτης
307 1430 341 1509 ές
352 1424 414 1514 τήν
425 1431 569 1513 Κισσίην
579 1423 691 1512 χάρην
705 1430 940 1514 μεταβαίνοντι
955 1429 1074 1496 ἕνδεκα

66 1534 223 1616 σταθμοί,
238 1525 451 1613 παρασάγγαι
462 1527 498 1593 δὲ
509 1525 572 1593 δύο
584 1529 639 1591 καὶ
650 1525 893 1609 τεσσεράκοντα
904 1530 959 1594 καὶ
968 1525 1074 1614 ἥμισύ

68 1632 136 1697 ἐστι
157 1626 210 1695 ἐπὶ
231 1623 382 1711 ποταμόν
402 1623 583 1709 Χοάσπην,
614 1619 712 1688 ἐόντα
734 1622 790 1689 καὶ
810 1628 930 1690 τοῦτον
954 1645 1074 1711 νηυσι-

68 1728 232 1813 πέρητον,
253 1719 304 1790 ἐπ’
323 1714 350 1789 ό
364 1727 481 1789 Σοῦσα
496 1718 592 1797 πόλις
607 1717 811 1786 πεπόλισται.
835 1711 928 1788 οὖτοι
945 1727 979 1790 ολ
986 1722 1074 1790 πάν-

70 1850 123 1903 τες
136 1825 284 1909 σταθμοί
297 1825 361 1888 είσι
375 1821 494 1886 ἕνδεκα
508 1818 564 1885 καὶ
576 1815 704 1884 ἑκατόν.
728 1823 918 1905 καταγωγαὶ
932 1823 994 1906 μέν
1008 1847 1074 1888 νυν

69 1927 231 2008 σταθμῶν
251 1923 413 1988 τοσαῦταί
430 1922 493 1986 είσι
516 1917 553 1983 έκ
570 1917 729 2001 Σαρδίων
747 1916 779 1994 ές
793 1923 911 1984 Σοῦσα
933 1915 1075 2005 ἀναβαί-

69 2046 180 2104 νοντι,
204 2023 233 2086 εί
249 2020 285 2085 δὲ
306 2013 419 2105 ὀρθῶς
434 2013 631 2102 μεμέτρηται
645 2009 666 2099 ἡ
686 2009 766 2093 ὁδός
779 2009 801 2102 ἡ
814 2021 970 2104 βασιληίη
987 2031 1072 2085 τοῖσι
1088 2034 1122 2091 53

68 2116 304 2206 παρασάγγησι
317 2114 372 2182 καὶ
383 2110 405 2181 ό
414 2111 631 2199 παρασάγγης
645 2111 786 2180 δύναται
800 2113 979 2201 τριήκοντα
993 2116 1075 2183 στά-

68 2226 142 2306 δια,
165 2215 276 2301 ῶσπερ
297 2207 396 2293 ούτός
416 2238 455 2300 γε
470 2211 610 2279 δύναται
626 2217 748 2298 ταῦτα,
771 2214 807 2280 έκ
821 2216 980 2298 Σαρδίων
993 2214 1075 2281 στό-

68 2317 125 2389 διά
142 2317 211 2384 έστι
226 2315 259 2393 ές
273 2309 314 2379 τά
328 2310 484 2399 βασιλήια
497 2307 539 2378 τά
553 2307 736 2397 Μεμνόνια
749 2311 936 2396 καλεόμενα
951 2336 1074 2379 πεντα-

67 2417 168 2486 κόσια
194 2413 250 2479 καὶ
275 2415 438 2497 τρισχίλια
469 2409 525 2478 καὶ
550 2406 655 2496 μύρια
681 2412 925 2496 παρασαγγέων
949 2412 1075 2480 ἐόντων

67 2508 280 2598 πεντήκοντα
294 2510 349 2577 καὶ
360 2514 592 2594 τετρακοσίων.
616 2507 823 2594 πεντήκοντα
837 2513 874 2576 δὲ
888 2511 943 2577 καὶ
957 2509 1075 2578 έκατδν

67 2611 190 2681 στάδια
205 2605 258 2676 ἐπ’
275 2604 382 2696 ἡμέρη
403 2607 524 2695 ἑκάστη
538 2609 698 2686 διεξιοῦσι
719 2603 974 2693 ἀναισιμοῦνται
994 2606 1077 2698 ἡμέ-

67 2737 127 2800 ραι
143 2707 266 2794 α’παρτὶ
280 2706 491 2794 ἐνενήκοντα.
515 2701 615 2772 Ούτω
630 2709 677 2794 τῷ
692 2710 848 2798 Μιλησίῳ
858 2704 1075 2796 Ἀρισταγόρῃ
1090 2727 1125 2781 ⁵4

67 2820 203 2878 εἴπαντι
216 2800 301 2891 πρδς
313 2806 503 2890 Κλεομένεα
518 2799 579 2870 τόν
589 2801 858 2889 Λακεδαιμόνιον
874 2803 959 2874 εἶναι
973 2812 1077 2892 τριῶν

67 2911 189 2996 μηνῶν
206 2899 268 2990 τήν
282 2900 408 2970 ἄνοδον
428 2898 490 2988 τήν
503 2897 594 2987 παρὰ
613 2903 751 2988 βασιλέα
772 2897 885 2986 ὀρθῶς
900 2912 1019 2991 είρητο.
1049 2911 1080 2974 εί

67 3008 109 3074 δέ
119 3027 170 3080 τις
180 2997 217 3068 τό
229 2997 467 3087 ἀτρεκέστερον
478 3000 608 3067 τούτων
619 3004 666 3067 ἔτι
679 3003 818 3085 δίζηται,
837 2998 901 3086 έγοδ
913 3004 1076 3069 καὶτοῦτο

68 3101 244 3188 σημανέω·
267 3095 328 3185 τήν
344 3095 408 3187 γάρ
421 3099 454 3178 έξ
465 3096 606 3184 Ἐφέσου
617 3098 650 3176 ές
661 3095 789 3181 Σάρδις
801 3093 882 3165 ὁδόν
902 3099 957 3163 δεῖ
971 3117 1078 3185 προσ-

69 3205 274 3288 λογίσασθαι
298 3196 411 3286 ταύτη.
453 3198 508 3265 καὶ
534 3193 574 3284 δή
601 3199 686 3283 λέγω
711 3199 866 3274 σταδίους
892 3193 1079 3276 εἶναιτοὺς

69 3298 202 3375 πάντας
225 3291 291 3363 άτιό
317 3294 492 3381 θαλάσσης
522 3300 579 3381 τῆς
600 3292 793 3381 Ἑλληνικῆς
819 3294 912 3382 μέχρι
935 3294 1080 3362 Σούσων

70 3400 188 3481 (τοῦτο
200 3388 264 3479 γὰρ
277 3392 478 3481 Μεμνόνιον
493 3391 577 3461 άστν
592 3394 757 3472 καλέεται)
773 3392 1015 3478 τεσσεράκοντα
1026 3395 1081 3461 καὶ

72 3496 355 3580 τετρακισχιλίους
371 3494 426 3560 καὶ
440 3497 599 3580 μυρίους·
622 3495 657 3558 οί
666 3487 731 3578 γάρ
744 3491 776 3571 έξ
788 3487 928 3578 Ἐφέσου
942 3491 974 3568 ές
986 3489 1081 3576 Σάρ·
1098 3544 1142 3630 Ι
