2378 3840
69 153 130 218 120
298 184 309 204 ·
398 155 699 216 ‘'HERODOTI

66 317 122 383 καί
135 321 283 403 Λῆμνον.
321 313 447 384 Ἐκεῖνα
467 317 529 402 μὲν
550 311 592 402 δὴ
602 312 771 393 Ἑκαταῖος
787 321 891 401 ἔλεξε,
913 322 1016 382 ταῦτα
1038 317 1073 381 δὲ

35 411 238 502 δἈθηύαῖοι
252 420 397 503 λέγουσι.
445 421 490 485 Os
504 415 541 483 δὲ
556 417 725 500 Πελασγοὶ
738 406 832 482 οὗτοι
845 422 986 501 Λῆμνον
999 414 1075 482 τότε

67 514 247 600 νεμόμενοι
268 518 323 583 καὶ
344 515 547 601 βουλόμενοι
566 509 646 591 τούς
662 509 863 599 Ἀθηναίους
884 512 1074 599 τιμωρησα-

68 624 167 699 σθαι,
183 606 223 680 εύ
236 639 272 680 τε
288 614 536 701 ἐξεπιστάμενοι
546 609 605 690 τάς
618 608 808 697 Ἀθηναίων
820 610 936 697 ὁρτάς,
952 635 1076 693 πεντη-

67 714 248 799 κοντέρους
268 711 470 797 κτησάμενοι
485 709 648 799 ἐλόχησαη
665 705 827 795 Ἀρτέμιδι
845 711 882 776 ἐν
894 713 1075 794 Βραυρῶνι

68 806 215 894 ἀγούσας
230 804 333 894 ὁρτὴν
346 805 405 887 τάς
419 814 488 876 τῶν
505 804 694 892 Ἀθηναίων
713 821 893 892 γυναῖκας,
915 807 1076 874 ἐνθεῦτεν

68 909 104 972 δὲ
119 903 329 992 ἁρπάσαντες
338 904 468 974 τούτων
479 902 604 982 πολλὰς
615 913 744 990 οἴχοντο
760 901 1005 988 ἀποπλύοντες,
1020 907 1077 968 καί

68 1023 172 1088 σφεας
187 1005 220 1082 ἐς
232 1011 373 1090 Λῆμνον
388 1000 570 1089 ἀγαγόντες
591 999 761 1079 παλλακὰς
778 999 874 1088 εἶχον.
905 999 949 1080 ὡς
971 1002 1007 1069 δὲ
1023 1000 1077 1068 τέ-

69 1128 161 1171 κνων
176 1096 275 1171 αὗται
292 1109 329 1173 αλ
339 1119 497 1191 γυναῖκες
507 1101 784 1189 ὑπεπλήσθησαν,
802 1102 959 1187 γλῶσσάν
969 1127 1005 1168 τε
1015 1098 1075 1184 την

65 1198 216 1286 Ἀττικην
236 1204 291 1269 καὶ
317 1202 463 1289 τρόπους
482 1200 562 1279 τούς
581 1199 771 1287 Ἀθηναίων
797 1202 974 1269 ἐδίδασκον
997 1198 1076 1277 τούς

69 1302 197 1376 παῖδας.
222 1303 255 1366 οί
270 1304 307 1367 δὲ
322 1299 400 1368 οὔτε
414 1307 661 1386 συμμίσγεσθαι
675 1314 761 1368 τοῖσι
778 1303 897 1369 ἐκτῶν
911 1304 1077 1382 Πελασγί-

70 1401 140 1462 δων
155 1404 328 1481 γυναικῶν
344 1399 438 1466 παισὶ
456 1396 599 1484 ἤθελον,
622 1407 655 1466 εί
667 1423 703 1464 τε
721 1397 880 1467 τύπτοιτό
899 1425 949 1476 τις
964 1394 1077 1463 αὐτῶν

68 1491 128 1560 ὑπ’
138 1495 276 1561 ἐκείνων
287 1493 387 1582 τινὸς,
413 1495 564 1584 ἑβύθεόν
578 1521 614 1562 τε
625 1496 747 1574 πάντες
759 1499 814 1564 καὶ
826 1496 1007 1583 ἐτιμώρεον
1017 1492 1076 1560 ἀλ-

67 1594 215 1680 λήλοισι·
237 1596 293 1660 καλ
302 1591 348 1679 ,δη
368 1595 423 1660 καὶ
439 1591 551 1679 ἀρχειν
565 1601 681 1661 τετῶν
694 1598 825 1661 παίδων
838 1599 872 1662 ολ
881 1597 997 1671 παῖδες
1008 1595 1077 1659 ἐδι-

68 1698 186 1761 καίευν
197 1691 253 1756 καὶ
264 1687 392 1758 πολλόν
403 1691 612 1778 ἐπεκράτεον.
629 1694 797 1779 μαθόντες
808 1693 958 1760 δὲταῦτα
971 1695 1076 1758 οίΠε·

68 1790 186 1874 λασγοὶ
207 1789 359 1856 ἑωυτοῖσι
379 1787 502 1873 λόγους
524 1792 694 1858 ἐδίδοσαν·
720 1797 780 1859 καί
790 1810 851 1874 σφι
871 1789 1077 1876 βουλευομέ-

68 1908 157 1956 νοισι
180 1887 294 1955 δεινόν
315 1913 346 1955 τι
366 1889 518 1973 ἐσέδυνε,
541 1896 571 1956 εἰ
591 1888 631 1976 δὴ
654 1888 909 1977 διαγινώσκοιεν
929 1893 1026 1971 σφίσι
1042 1911 1077 1950 τε

65 1987 209 2072 βωθέειν
233 1985 270 2051 οἱ
287 1989 402 2063 παίδες
416 1985 500 2069 πρὸς
513 1993 581 2053 τῶν
603 1991 789 2076 κουριδίαν
810 1992 984 2073 γυναικῶν
998 1980 1077 2060 τούς

67 2091 189 2160 παῖδας
210 2086 265 2150 καὶ
285 2083 416 2150 τούτων
432 2080 549 2150 αὐτίκα
570 2081 685 2171 ἀρχειν
702 2084 884 2176 πειρῴατο,
904 2090 939 2151 τί
953 2081 992 2168 δη
1015 2079 1078 2149 ἀν-

68 2183 258 2268 δρωθέντες
269 2186 375 2268 δῆθεν
387 2183 574 2269 ποιήσουσι.
599 2187 748 2252 ἐνθαῦτα
761 2189 855 2265 ἔδοξέ
862 2204 923 2271 σφι
934 2189 1078 2251 κτείνειν

68 2278 145 2357 τούς
158 2283 278 2358 παῖδας
290 2279 369 2359 τούς
382 2284 418 2349 ἐκ
429 2288 497 2350 τῶν
508 2280 680 2350 Ἀττικέων
692 2289 874 2368 γυναικῶν.
890 2288 1025 2350 ποιεῦσι
1036 2278 1076 2365 δὴ

48 2403 50 2407 ’
66 2384 181 2463 ταῦτα,
195 2379 492 2463 προσαπολλύουσι
506 2383 545 2448 δέ
553 2400 668 2467 σφεων
680 2383 734 2450 καὶ
745 2378 804 2460 τάς
817 2385 968 2471 μητέρας.
995 2377 1075 2447 Ἀπὸ

66 2475 190 2543 τούτου
205 2475 242 2543 δὲ
256 2481 317 2543 τού
332 2481 435 2564 ἔργον
445 2481 572 2546 καὶτοῦ
584 2481 750 2567 προτέρου
760 2479 907 2564 τούτων,
922 2476 959 2546 τό
977 2478 1078 2566 ε’ργά-

68 2596 170 2642 σαντο
185 2578 222 2641 αλ
239 2589 398 2660 γυναῖκες
414 2575 493 2656 τούς
514 2576 583 2664 ἀμα
604 2579 728 2647 Θόαντι
748 2578 873 2666 ἀνδρας
893 2582 1078 2664 σφετέρους

68 2670 322 2760 ἀποκτείνασαι,
348 2675 542 2761 νενόμισται
559 2673 624 2744 ἀνά
645 2675 706 2762 τὴν
722 2674 864 2746 Ἐλλάδα
883 2674 923 2744 τά
946 2679 1078 2762 σχέτλια

34 2789 50 2844 9
67 2778 149 2860 ἔργα
160 2770 270 2840 πάντα
277 2774 410 2862 Λήμνια
422 2779 611 2844 καλέεσθαι.
631 2773 857 2843 Ἀποκτείνασι
869 2774 905 2843 δὲ
915 2780 1078 2842 τοίσιΠε-

68 2878 220 2956 λασγοῖσι
235 2869 314 2952 τούς
329 2877 512 2960 σφετέρους
522 2873 643 2952 παϊδός
654 2901 689 2941 τε
699 2875 755 2942 καὶ
767 2887 930 2959 γυναῖκας
942 2870 1020 2939 ούεε
1033 2877 1077 2956 γη

68 2964 200 3053 καρπόν
218 2974 317 3059 ἔφερε
331 2970 408 3040 οὔτε
423 2975 581 3060 γυναῖκές
593 2999 629 3040 τε
644 2976 700 3041 καὶ
716 2986 855 3060 ποῖμναι
869 2970 992 3058 ὁμοίως
1010 2975 1078 3037 έτι-

67 3096 149 3138 κτον
163 3072 219 3139 καί
235 3070 300 3158 πρό
317 3080 388 3144 τοῦ.
418 3072 606 3160 πιεζόμενοι
621 3075 658 3142 δὲ
671 3081 756 3164 λιμῷ
771 3099 807 3140 τε
821 3074 877 3141 καί
891 3068 1031 3158 ἀπαιδίη
1046 3070 1079 3146 ἐς

67 3167 228 3255 Δελφούς
239 3176 403 3258 ἔπεμπον,
418 3174 519 3242 λύσιν
532 3171 609 3242 τινά
625 3172 836 3260 αἰτησόμενοι
850 3178 919 3239 τῶν
929 3169 1066 3257 παρεόν·

68 3293 137 3334 των
150 3273 273 3335 κακῶν.
294 3266 316 3356 ἡ
329 3272 364 3338 δὲ
375 3278 491 3358 Πυθίη
503 3276 607 3358 σφέας
618 3272 750 3340 ἐκέλευε
761 3267 969 3358 Ἀθηναίοισι
984 3273 1079 3345 δίκας

69 3363 201 3432 διδόναι
212 3367 343 3453 ταύτας,
358 3367 417 3448 τάς
427 3366 472 3437 ἀν
484 3367 580 3440 αύτοὶ
588 3375 763 3459 Ἀθηναῖοι
779 3368 948 3438 δικάσωσι.
967 3360 1078 3455 ἦλθον
