2378 3840
312 154 399 248 ιιο.
430 190 501 247 τοι
535 189 634 247 cn.
665 195 847 262 εει-τι.
1021 193 1082 256 253

73 361 188 434 τεεχος.
217 345 275 415 ἅτε
295 343 335 433 δή
358 348 504 416 ἐουσέων
519 347 696 433 μυριάδων
716 349 869 418 πολλέων
886 353 942 420 καί
957 349 1082 432 παντὸς

75 436 200 530 ἀνδρὸς
213 445 437 531 ἐργαζομένου
454 445 551 532 ἤνετο
566 442 604 513 τό
620 450 738 534 ἔργον·
765 445 903 536 καλχάρ
918 456 1010 520 λίθοι
1027 454 1082 519 καὶ

76 548 215 610 πλίνθοι
225 545 281 611 καί
292 543 375 623 ξύλα
386 545 441 611 καί
452 545 577 631 φορμοὶ
585 543 724 631 ψάμμου
734 544 876 633 πλήρεες
885 549 1080 634 ἐσεφορέονέ

75 665 128 725 το,
143 641 199 709 καλ
212 643 347 709 ἐλίνυον
359 637 481 709 ούδένα
491 641 617 727 χρόνον
624 646 657 710 οί
663 646 896 729 βοηθήσαντες
904 647 1082 732 ἐργαζόμε-

75 763 147 822 νοι,
163 734 240 806 ούτι
253 735 377 817 νυκτός
391 735 469 807 ούτε
482 735 616 827 ἡμέρης.
633 747 676 814 οί
685 741 722 811 δὲ
740 739 955 827 βωθήσαντες
975 745 1008 822 ἐς
1019 737 1079 811 τὸν
1098 756 1130 810 72

72 834 210 924 Ἰσθμόν
219 839 384 925 πανδημεί
398 841 470 906 οἵδε
483 833 759 929 ήσανἙλλήυων,
774 843 1036 931 Λακεδαιμόνιοί
1043 871 1079 912 τε

76 937 131 1004 καί
149 933 307 1024 Ἀρκάδες
320 935 445 1016 πάντες
460 940 516 1006 καί
532 936 653 1009 Ἠλεῖοι
672 941 728 1010 καί
744 947 926 1025 Κορίνθιοι
942 944 997 1010 καὶ
1014 949 1079 1011 Σι-

75 1035 216 1104 κυάυιοι
231 1038 286 1105 καὶ
296 1033 502 1122 Ἐπιδαύριοι
514 1039 570 1105 καί
581 1038 736 1107 Φλιάσιοι
751 1043 807 1108 καί
820 1038 1008 1127 Τροιζήνιοι
1024 1042 1077 1109 καὶ

69 1132 267 1220 Ἑρμιονέες.
291 1125 385 1202 οὗτοι
401 1136 464 1221 μὲν
479 1127 566 1223 ἦσαν
580 1140 614 1204 οί
625 1135 846 1223 ιβωθήσαντες
864 1140 920 1207 καὶ
930 1137 1079 1226 ὑπεραρ-

75 1233 257 1317 ρωδέοντες
266 1237 307 1322 τῇ
319 1229 450 1302 Ἐλλάδι
460 1232 719 1324 κινδυνευούσῃ,
730 1249 816 1305 τοῖσι
827 1238 863 1305 δὲ
874 1234 1004 1306 ἄλλοισι
1009 1244 1078 1306 Hs-

76 1335 326 1418 λοποννησίοισι
347 1335 442 1417 έμελε
464 1327 573 1399 οὐδέν.
611 1329 774 1419 Ὀλύμπιοι
793 1335 831 1402 δὲ
851 1337 906 1402 καί
928 1334 1077 1422 Κάρνεια

75 1429 280 1519 παροιχώκεε
295 1430 369 1519 ήδη.

160 1529 270 1599 Οίκέει
282 1533 318 1600 δὲ
328 1528 391 1618 τήν
400 1530 663 1616 Πελοπόννησον
674 1535 777 1599 ἔθνεα
789 1533 879 1600 ἑπτά.
899 1531 1029 1602 τούτων
1040 1534 1076 1600 δὲ
1094 1537 1127 1592 73

75 1626 115 1697 τά
130 1630 193 1715 μὲν
202 1628 266 1696 δύο
281 1626 475 1715 αὐτόχθονα
484 1630 583 1697 ἐόντα
593 1629 677 1696 κατὰ
687 1630 800 1716 χύρην
811 1632 944 1715 ἵδρυται
957 1635 1024 1698 νύν
1038 1635 1078 1717 τῇ

74 1729 130 1796 καὶ
144 1724 182 1795 τό
196 1726 300 1796 πάλαι
314 1737 443 1814 οίκεον,
463 1724 621 1812 Ἀρκάδες
640 1753 676 1795 τε
690 1730 746 1797 καλ
759 1727 957 1815 Κυνούριοι.
986 1732 1024 1796 ἓν
1041 1728 1077 1794 δὲ

75 1831 177 1905 ἔθνος
189 1824 226 1893 τὸ
239 1823 392 1913 Ἀχαίκόυ
405 1827 442 1894 έκ
456 1826 520 1912 μδν
532 1826 797 1912 Πελοποννήσου
812 1823 874 1893 οὐκ
885 1824 1076 1912 έξεχύρησε,

76 1928 112 1993 ἐκ
127 1927 241 2011 μέντοι
260 1933 327 2012 τῆς.
339 1927 491 2013 ἑωυτῶν,
511 1926 612 1993 οίιιέει
630 1926 667 1992 δέ
682 1921 745 2010 τήν
765 1921 952 2012 ἀλλοτρίην.
983 1921 1023 1991 τό
1041 1923 1077 1990 δὲ

75 2022 174 2094 λοιπά
185 2028 288 2092 ἔθνεα
298 2030 367 2092 ’τῶν
378 2020 459 2092 ἑπτά
470 2027 609 2108 τέσσερα
625 2021 775 2108 έπήλυδά
789 2023 869 2109 ἐστι,
884 2024 1033 2107 Δωριέες
1044 2048 1079 2089 τε

72 2125 276 2191 καὶΑίτωλολ
286 2126 342 2192 καὶ
348 2120 507 2211 Δρύοπες
516 2123 571 2189 καλ
578 2118 732 2208 Λήμνιοι.
747 2124 911 2204 Δωριέων
921 2119 983 2206 μὲν
994 2127 1078 2186 πολ-

71 2230 130 2292 λαί
149 2247 185 2290 τε
207 2225 263 2290 καί
281 2221 413 2308 δόκιμοι
435 2220 567 2308 πόλιες,
598 2224 760 2288 Αίτωλύν
779 2218 817 2286 δέ
841 2210 933 2297 Ἦλις
953 2215 1076 2303 μούνη,

73 2322 245 2411 Δρυόπων
258 2323 295 2390 δέ
309 2320 467 2410 Ἑρμιόνη
483 2347 518 2389 τε
534 2323 590 2388 καὶ
605 2317 717 2405 Ἀσίνη
733 2314 755 2405 ἡ
769 2314 854 2403 πρὸς
868 2315 1076 2406 Καρδαμύλη

72 2429 112 2510 τῇ
132 2426 329 2507 Λακωνική,
348 2425 510 2506 Λημνίων
526 2419 564 2486 δέ
582 2422 802 2504 Παρωρεῆται
824 2414 955 2495 πάντες.
987 2417 1022 2481 οί
1040 2411 1076 2479 δέ

73 2517 261 2603 Κυνούριοι
272 2513 476 2602 αὐτόχθονες
490 2515 601 2594 ἐόντες
611 2518 767 2584 δοκέουσι
777 2522 899 2600 μοῦνοι
909 2510 1077 2582 εἷναιἼω-

75 2644 144 2703 νες,
166 2618 441 2700 ἐκδεδωρίευνται
456 2615 493 2684 δὲ
509 2612 578 2682 ὑπό
598 2638 633 2680 τε
651 2610 809 2700 Ἀργείων
826 2609 1005 2700 ἀρχόμενοι
1022 2615 1077 2680 καὶ

68 2722 132 2787 τοῦ
146 2713 288 2802 χρόνον,
304 2714 415 2794 ἐόντες
426 2712 598 2802 Ὀρνεῆται
612 2715 667 2782 καί
678 2718 849 2800 περίοικοι.
877 2711 1015 2780 Τούτων
1026 2705 1077 2782 οἶν

68 2822 138 2884 τῶν
155 2808 236 2880 έπτᾶ
251 2813 382 2880 ἐθνέων
397 2816 434 2881 αί
445 2812 559 2882 λοιπαὶ
568 2810 695 2899 πόλιες,
710 2810 815 2896 πάρεξ
828 2816 897 2879 τῶν
909 2814 1076 2896 κατέλεξα,

69 2918 105 2983 ἐκ
120 2916 183 2979 τοῦ
197 2909 304 2997 μέσου
318 2913 472 2978 κατέατο·
492 2915 523 2978 εί
536 2910 573 2978 δέ
583 2911 770 2995 ἐλευθέρως
784 2913 887 2991 έξεστι
905 2914 1020 2995 είπεῑν,
1038 2910 1075 2975 ἐκ

70 3018 128 3079 τοῦ
144 3011 249 3095 μέσον
263 3007 442 3096 κατήμενοι
458 3009 620 3096 ἐμήδιζον.

67 3210 126 3280 ἅτε
143 3211 218 3293 περὶ
232 3216 293 3277 τοῦ
308 3207 434 3289 παντός
448 3206 512 3298 ήδη
527 3208 656 3296 δρόμον
670 3209 809 3287 θέοντες
821 3210 877 3275 καί
887 3212 962 3295 τῇσι
976 3209 1076 3295 νηυσὶ

67 3305 132 3378 ούκ
154 3308 339 3386 ἐλπίζοντες
359 3307 607 3396 ἐλλάμψεσθαι·
634 3311 670 3375 οί
680 3307 776 3389 δὲέν
795 3312 965 3390 Σαλαμλνι
984 3303 1074 3392 ὅμως

65 3411 174 3475 wiva
196 3403 453 3491 πυνθανόμενοι
473 3400 665 3492 ιἰρρωδεον,
692 3398 755 3472 οόιι
777 3399 867 3471 ούτω
887 3401 962 3483 περὶ
980 3407 1076 3481 σφίσι

1146 3568 1163 3653 ’ί
