2378 3840
106 164 167 228 128
484 164 736 223 HERODOTI

107 335 205 394 θοιεν
221 322 334 412 ἡμίν’
317 351 350 404 ες
365 325 491 411 μάχην,
508 325 654 410 μάθοιεν
675 347 719 388 αν
726 321 796 409 ,ώς
814 329 905 409 εἰμεν
921 321 1117 411 ἀνθρώπων

108 425 237 532 αριστοι
251 452 292 493 ια
280 423 457 509 πολέμια.
480 429 563 491 ἔστω
575 421 605 490 δ
622 415 671 488 ών
681 417 816 506 μηδὲν’
798 428 993 508 απείρητον
1014 419 1116 490 αὐτό-

107 512 214 612 ματον
229 522 295 612 γὰρ
316 519 432 608 οὐδὲν,
454 518 529 589 ἀλλ’
545 518 611 589 ιἰιιό
634 525 750 606 πείρης
771 545 880 589 παντα
902 519 1111 605 α’νθρώποιοι

109 628 216 711 φιλέει
230 629 395 709 γίνεσθαι.

64 740 96 791 10
195 721 392 809 Μαρδόνιος
405 722 467 806 μδν
476 727 621 788 τοσαῦτα
634 715 854 803 ἐπιλεήνας
818 744 880 804 την
886 721 1015 806 μδρξεω
1026 720 1115 804 γνώ-

109 850 177 909 μην
190 823 373 906 ἐπέπαυτο,
392 816 605 886 οιωιιεόντων
619 817 657 883 δὲ
670 822 738 883 τών
759 813 871 884 ἄλλον
886 817 1047 904 Περσέων
1061 817 1113 884 καλ

111 917 152 988 οὐ
162 916 371 1006 τολμώντων
388 917 527 1003 γνώμην
548 913 816 982 ἀποδείκνυσθαι
837 911 955 1001 ἀντίην
971 921 1011 1004 τῇ
1032 938 1114 1001 προ-

110 1011 1115 1104 κειμένη,ἈρτάβανοςὁὙστάσπεοςπώτροιςἐδνΞέρξη,τςδ

77 1139 91 1189 1
112 1116 151 1205 δὴ
168 1120 223 1186 καὶ
240 1123 379 1195 πίσυνος
394 1111 460 1184 ἐών
472 1119 564 1200 ἔλεγε
580 1113 675 1181 τώδε·
699 1105 739 1181 Ὦ
752 1120 907 1200 βασιλεῦ,
923 1110 967 1200 μὴ
983 1121 1135 1197 λεχθει·,

111 1219 198 1283 σεὀιν
209 1215 271 1300 μὲν
281 1209 589 1299 γνωμέωνολντιέων
600 1209 762 1299 ἀλλήλῃσι
773 1208 911 1280 οὐκέστι
921 1208 1115 1298 τῆνᾶμείνω

111 1312 310 1399 αἱρεόμενον
323 1312 468 1397 ἑλέσθαι,
485 1306 568 1376 ἀλλὰ
589 1315 642 1376 δεῖ
661 1316 701 1397 τῇ
717 1310 874 1398 εἰρημένη
887 1315 1046 1396 χρᾶσθαι,
1061 1315 1114 1374 λε-

109 1411 275 1498 χθεισέων
286 1409 322 1478 δὲ
334 1416 413 1497 ἔστι,
426 1406 538 1495 ώσπερ
549 1404 609 1476 τὸν
619 1405 748 1495 χρασδν
758 1405 819 1477 τὸν
832 1407 1002 1496 ἀκήρατον
1012 1403 1112 1475 αὐτὸν

111 1512 174 1600 μὲν
187 1508 238 1578 ἐπ’
263 1513 390 1579 ἑωυτοῦ
411 1506 453 1578 οὐ
475 1509 757 1595 διαγινώσκομεν,
779 1507 881 1578 ίτεολν
898 1511 935 1578 δὲ
954 1515 1113 1596 παρατρί-

110 1622 228 1693 φαμεν
244 1605 333 1698 ἄλλην
347 1613 470 1696 χρυσῷ,
487 1607 753 1694 διαγινώσκομεν
766 1605 827 1676 τὸν
842 1607 976 1694 ἀμείνω.
999 1604 1064 1694 ἐγώ
1081 1608 1115 1674 δὲ

111 1699 167 1775 καλ
180 1706 326 1796 πατρί
294 1731 340 1773 τω
355 1712 414 1796 σῷ,
430 1703 583 1796 ἀδελφεῷ
595 1705 631 1774 δὲ
646 1709 724 1797 ἐμῷ,
740 1706 909 1799 Δαρείμ’
890 1708 1058 1795 ηγόρεοον
1073 1733 1116 1792 μη

112 1802 353 1885 στρατεύεσθαι
369 1803 420 1870 ἐπὶ
436 1803 595 1890 Σκύθας,
620 1801 748 1926 ἄνδρας
763 1801 931 1891 ονδαμόθι
950 1812 1012 1891 γῆς
1033 1802 1116 1872 ἄσιν

111 1905 288 1989 νέμοντας
311 1897 379 1970 οδδ
389 1904 529 1982 ἐλπιζαν
539 1904 681 1983 Σκνθας
691 1931 770 1984 τους
779 1903 927 1993 νομαδας
937 1909 1114 1992 καιαστρὲ

33 2045 38 2050 ·
55 2082 59 2088 .
114 2010 239 2083 ψεσθαι
249 2002 325 2087 ἐμοί
331 2027 367 2068 τε
378 1998 440 2068 οὐκ
452 2003 614 2124 ἐπείθετο,
629 2001 960 2089 στραιενσολμενόςτε
971 2001 1116 2081 πολλονς

111 2102 167 2167 καὶ
181 2094 334 2185 αγαθονς
347 2105 404 2185 τῆς
420 2106 575 2187 στρατιῆς
590 2097 772 2190 αποβαλών
789 2097 929 2188 ἀπῆλθε.
960 2121 1003 2169 σν
991 2093 1114 2186 δὲ,’
1091 2127 1114 2168 οι

111 2205 268 2286 βασιλεῦ,
292 2201 421 2285 μέλλεις
442 2197 493 2266 ἐπ’
516 2198 641 2287 ἄνδρας
662 2199 905 2288 στρατεύεσθαι
919 2197 1047 2268 πολλδν
1071 2205 1116 2268 ἔτι

113 2293 292 2382 ἀμείνονας
307 2290 330 2382 ἢ
344 2295 504 2385 Σκύθας,
526 2305 562 2366 οδ
572 2296 655 2366 κατὰ
673 2297 853 2368 θάλασσάν
868 2323 904 2365 τε
919 2295 1117 2380 ἄριστοικαὶ

113 2390 197 2460 κατὰ
208 2400 273 2478 γῆν
286 2395 440 2479 λέγονται
453 2394 546 2464 εἶναι.
563 2396 600 2466 τὸ
614 2397 650 2465 δὲ
661 2395 791 2466 αὐτοῖσι
803 2402 911 2464 ἔνεστι
922 2392 1047 2481 δεινὸν,
1063 2394 1118 2481 ἐμέ

80 2505 96 2555 2
111 2509 165 2558 σοι
180 2491 312 2560 δίκαιόν
328 2495 395 2561 ἐστι
413 2495 560 2580 φράζειν.
583 2496 709 2576 Ζεύξας
726 2492 792 2585 φῂς
802 2491 863 2563 τὸν
871 2492 1117 2580 Ἑλλήσποντον

114 2590 194 2656 ἐλᾶν
209 2589 353 2678 στρατὸν
369 2589 424 2659 διδ
444 2599 502 2678 τῆς
517 2590 685 2680 Εὐρώπης
705 2595 738 2673 ἐς
752 2590 815 2681 τὴν
825 2591 976 2661 Ἐλλάδα.
1004 2591 1061 2659 καὶ
1077 2585 1116 2676 δὴ

114 2688 292 2776 συνήνεικε
313 2687 385 2776 ἤτοι
406 2687 490 2759 κατὰ
506 2698 572 2778 γῆν
587 2686 609 2777 ἢ
625 2689 709 2759 κατὰ
724 2688 901 2777 θάλασσαν
915 2693 1116 2775 ἑσσωθῆναι,

113 2782 135 2873 ἦ
150 2790 204 2855 καὶ
219 2785 291 2854 κατ’
307 2785 494 2876 ἀμφότερα·
517 2792 551 2857 ολ
562 2784 629 2874 γὰρ
646 2787 767 2875 ἄνδρες
781 2790 934 2875 λέγονται
952 2783 1039 2854 εἶναι
1058 2783 1118 2854 διλ-Ι

114 2909 216 2971 κιμοι,
232 2884 370 2969 πάρεστι
382 2886 419 2952 δὲ
432 2887 488 2953 καὶ
502 2885 778 2974 σταθμώσασθαι,
795 2892 825 2954 εί
838 2885 995 2973 στρατιήν
1008 2909 1048 2970 γε
1062 2907 1116 2951 το·-

115 2980 243 3066 σαώτην
261 2980 326 3049 σὺν
339 2982 426 3050 Δάτι
444 2985 499 3052 καὶ
512 2981 728 3073 Ἀρταφέρνεϊ
740 2986 910 3053 ἐλθοῦσαν
925 2986 958 3064 ἐς
972 2980 1035 3072 τὴν
1047 2979 1116 3050 Ἀτ-

114 3078 211 3168 τικὴν
225 3080 338 3168 χώρην
352 3089 473 3168 μοῦνοι
486 3081 657 3172 Ἀθηναῖοι
672 3088 881 3171 διέφθειραν.
910 3080 974 3149 οὐκ
989 3075 1039 3150 ὦν
1055 3079 1117 3167 ἆμ-

116 3181 241 3266 φοτέρη
257 3197 318 3265 σφι
333 3178 491 3268 ἐχώρησε·
517 3181 590 3251 ἄλλ’
613 3179 657 3270 ἢν
673 3189 747 3272 τῇσι
764 3184 863 3268 νηυσὶ
881 3180 1050 3269 ἐμβάλωσι
1064 3180 1115 3248 κώ

115 3277 311 3363 νικήσαντες
328 3287 494 3370 ναυμαχίη
515 3282 649 3350 πλώωσι
671 3285 704 3361 ἐς
723 3277 783 3348 τὸν
798 3279 1045 3369 Ἑλλήσποντον
1065 3280 1117 3348 καὶ

117 3383 247 3446 ἔπειτεν
257 3381 382 3449 λύσωσι
395 3376 457 3468 τὴν
467 3385 630 3468 γέφυραν,
646 3387 745 3450 τοῦτο
760 3376 811 3467 δὴ,
826 3387 977 3468 βασιλεῦ,
992 3388 1118 3468 ’γίνεται
