2378 3840
158 182 219 245 172
531 185 784 244 HERODOTI

154 340 175 428 ή
193 343 227 410 δέ
243 349 335 430 τρίτη
348 350 415 410 τῶν
425 342 586 428 μοιρέων,
601 340 673 430 μετ’
689 335 730 429 ής
743 344 920 429 ἐπορεύετο
935 343 1037 425 αὐτὸς
1048 343 1067 415 ὁ
1079 351 1161 435 Ξέρ

156 442 226 527 ξης,
244 438 294 526 ήιε
310 439 372 527 μὲν
386 437 423 507 τό
438 441 543 525 μέσον
555 437 700 529 αὐτέων,
717 441 922 529 στρατηγοάς
939 445 976 513 δέ
989 451 1163 532 παρείχετο

96 554 143 606 122
154 537 392 624 Σμερδομένεά
412 561 448 604 τε
469 540 524 605 καὶ
540 539 755 626 Μεγάβυζον.
784 537 821 608 ‘0
842 544 905 626 μέν
924 567 991 610 νυν
1005 541 1164 621 ναυτικὸς

154 633 292 723 στρατός
307 632 352 714 ὡς
365 632 490 721 ἀπείθη
503 633 569 704 ἀπὸ
584 640 713 722 Ξέρξεω
728 640 783 705 καὶ
795 641 991 719 διεξέπλωσε
1005 638 1068 727 τήν
1083 640 1165 709 διώ-

153 759 238 820 ρυχα
252 730 313 819 τήν
328 735 365 799 έν
379 739 425 826 τῷ
439 733 534 826 ’Ἄθω
551 738 753 823 γενομένην,
776 739 954 823 διέχουσαν
975 740 1012 806 δὲ
1027 740 1060 818 ές
1082 739 1164 807 κόλ-

153 860 234 920 πον,
258 837 295 902 ἐν
311 841 357 923 τῷ
370 832 474 902 ’Άσσα
490 861 524 902 τε
542 836 637 916 πόλις
654 839 709 904 καί
723 842 879 924 Πίλωρος
894 839 951 906 καί
966 844 1092 925 Σίγγος
1107 839 1163 905 καί

152 932 267 1020 Σάρτη
284 930 441 1016 οἰκέαται,
456 934 626 1020 ἐνθεῦτεν,
642 930 686 1012 ώς
697 937 752 1002 καί
766 937 802 1002 ἐκ
812 933 944 1002 τούτων
955 940 1024 1002 τών
1034 941 1164 1002 πολίων

153 1028 310 1117 στρατιήν
330 1033 514 1118 παρέλαβε,
536 1037 642 1100 ἔπλωε
665 1027 842 1117 ἀπιέμενος
861 1034 895 1112 ές
915 1028 976 1102 τόν
992 1039 1163 1118 Θερμαῖον

152 1129 296 1215 κόλπου,
324 1127 484 1215 κάμπτων
506 1132 542 1198 δέ
558 1127 727 1216 ’Ἄμπελον
750 1125 813 1216 τήν
834 1136 1031 1218 Τορωναίην
1053 1126 1162 1214 ἄκρην

151 1230 372 1313 παραμείβετο
382 1223 575 1313 Ἑλληνίδας
586 1228 688 1297 τάσδε
700 1228 807 1313 πόλις,
826 1229 863 1295 ἐκ
875 1235 945 1297 τῶν
957 1229 1035 1306 νέας
1050 1227 1156 1296 τεκαὶ

151 1323 311 1413 στρατιήν
326 1325 572 1416 παρελάμβανε,
588 1327 768 1415 Τορώνην,
780 1325 951 1413 Γαληψὸν,
967 1328 1160 1414 Σερμύλην,

151 1423 588 1512 Μηκόβερυαυ,”ολυνθου.
612 1423 632 1514 ἡ
648 1428 709 1512 μέν
724 1451 790 1493 νυν
801 1425 892 1516 χώρη
907 1419 991 1510 αὕτη
1003 1429 1160 1507 Σοθωνίη

90 1539 139 1593 123
150 1525 310 1591 καλέεται.
339 1520 376 1591 ‘O
392 1525 428 1591 δὲ
444 1521 602 1604 ναυτικὰς
623 1521 794 1609 στρατδςὸ
811 1527 940 1614 Ξέρξεω
956 1521 1160 1606 συντάμνων

149 1618 208 1688 ἀπ’
223 1619 386 1708 Ἀμπέλον
401 1621 506 1711 ἄκρης
520 1625 573 1692 ἐπὶ
586 1630 823 1710 Καναστραίον
839 1619 964 1709 ἄκρην,
982 1615 1018 1687 τό
1035 1615 1076 1704 δή
1092 1618 1159 1685 πά-

149 1738 209 1806 σης
222 1725 280 1806 τής
294 1721 473 1808 Παλλήνης
490 1719 601 1808 ἀνέχει
617 1722 777 1808 μάλιστα,
793 1723 954 1788 ἐνθεῦτεν
967 1722 1044 1798 νέας
1054 1743 1088 1785 τε
1103 1718 1157 1784 καὶ

150 1817 308 1908 στρατιήν
328 1824 565 1912 παρελάμβανε
585 1826 621 1891 ἐκ
647 1825 828 1909 Ποτιδαίης
847 1823 904 1889 καί
927 1817 1084 1905 ’Λφότιος
1104 1821 1159 1886 καὶ

151 1919 241 2005 Νέης
260 1920 376 2000 πόλιος
392 1925 448 1990 καὶ
464 1929 569 2009 Αίγής
591 1925 647 1990 καί
669 1921 834 2008 Θεράμβω
855 1921 911 1988 καί
925 1917 1082 2003 Σκιώνης
1104 1918 1158 1984 καὶ

67 2074 71 2081 .
151 2019 288 2103 Μένδης
299 2022 353 2087 καί
364 2019 488 2106 Σάνης.
506 2013 605 2087 αὗται
618 2019 683 2106 γάρ
696 2024 758 2087 είσι
769 2021 805 2085 αί
813 2013 876 2103 τήν
887 2022 952 2084 νῦν
961 2014 1156 2101 Παλλήνην,

150 2116 315 2202 πρότερον
332 2119 368 2185 δέ
380 2121 536 2204 Φλέγρην
547 2119 753 2204 καλεομένην
763 2116 953 2202 νεμόμεναι.
975 2112 1157 2199 παραπλώ,

151 2243 200 2286 ων
217 2219 253 2285 δὲ
266 2221 321 2286 καὶ
335 2218 461 2306 ταύτην
475 2216 536 2305 τήν
549 2217 662 2305 χώρην
680 2223 786 2286 έπλωε
800 2217 833 2294 ές
846 2213 884 2283 τό
900 2216 1155 2299 προειρημένον,

89 2304 92 2314 Χ
149 2314 422 2402 παραλαμβάνων
442 2314 600 2404 στρατιήν
615 2318 671 2385 καί
688 2318 724 2384 ἐκ
740 2321 809 2384 τών
825 2315 1015 2400 προσεχέων
1028 2316 1157 2380 πολίων

148 2419 188 2501 τῇ
198 2413 375 2501 Παλλήνη,
392 2411 649 2501 ὁμουρεουσέων
664 2414 700 2480 δὲ
714 2418 760 2504 τῷ
772 2416 927 2500 Θερμαίῳ
941 2409 1065 2498 κόλπῳ,
1080 2415 1153 2493 τῇσι

149 2506 320 2596 οὐνόματά
335 2513 402 2580 ἐστι
417 2511 513 2598 τάδε,
530 2515 692 2598 Λίπαξος,
708 2511 900 2598 Κώμβρεια,
915 2514 1030 2594 Λίσαι,
1045 2513 1152 2591 Γίγω-

150 2633 225 2694 νος,
242 2608 383 2696 Κάμψα,
399 2617 528 2698 Σμίλα,
543 2619 672 2680 Αίνεια.
700 2606 721 2695 ἡ
738 2607 775 2676 δδ
791 2607 921 2675 τούτων
937 2605 1027 2692 χώρη
1042 2611 1156 2690 Κροσ-

150 2709 226 2789 σαίη
238 2709 285 2772 ἔτι
300 2708 395 2784 καίές
407 2706 484 2774 τόδε
498 2710 658 2776 καλέεται.
675 2704 740 2774 ἀπὸ
757 2705 794 2774 δὲ
807 2711 954 2791 Αἰνείης,
967 2707 1000 2782 ές
1011 2700 1073 2789 τήν
1085 2704 1155 2770 έτε-

146 2801 284 2870 λεάτεου
293 2807 484 2891 καταλέγων
500 2801 559 2883 τὰς
573 2805 686 2892 πόλις,
702 2800 768 2872 ἀπδ
787 2803 908 2888 ταύτης
921 2801 986 2888 ήδη
1004 2804 1036 2880 ἐς
1050 2796 1155 2867 αὐτόν

150 2930 183 2972 τε
197 2902 257 2972 τόν
271 2912 439 2990 Θερμαίου
460 2904 589 2973 κόλπον
610 2907 736 2991 ἐγίνετο
756 2909 802 2994 τῷ
824 2909 969 2992 ναυτικῷ
992 2895 1154 2988 στρατῷὸ

148 3004 249 3083 πλόος
265 3008 320 3072 καί
334 3010 399 3091 γήν
412 3000 475 3091 τήν
491 3011 712 3094 Μυγδονίην,
728 3000 852 3075 πλώων
868 3004 904 3073 δὲ
924 2997 1057 3068 ἀπίκετο
1073 3003 1106 3077 ἔς
1121 3022 1154 3063 τε

147 3099 209 3188 τήν
222 3109 470 3191 προειρημένην
486 3108 622 3192 Θέρμην
635 3108 691 3175 καὶ
705 3105 834 3174 Σιυδόν
848 3129 883 3172 τε
898 3102 998 3173 πόλιν
1014 3103 1069 3169 καί
1083 3105 1153 3168 Χα-

147 3203 289 3285 λέστρην
309 3202 362 3270 &uz
374 3198 434 3269 τόν
451 3199 560 3282 Ἀξιδν
577 3201 744 3290 ποταμόν,
765 3200 802 3283 δς
823 3199 946 3290 οὐρίζει
965 3198 1078 3287 χώρην
1092 3193 1154 3282 τήν

148 3303 351 3386 Μυγδονίην
370 3327 406 3369 τε
426 3304 482 3370 καλ
493 3310 699 3391 Βοττιαιίδα,
722 3311 779 3390 τῆς
800 3309 912 3389 έχουσι
927 3300 964 3370 τό
980 3294 1071 3386 παρὰ
1087 3295 1155 3365 θά-

145 3403 274 3464 λασσαν
290 3397 421 3468 στεινὸν
431 3407 555 3489 χωρίου
568 3402 681 3485 πόλιες
691 3400 796 3489 Ἴχναι
810 3402 916 3506 τεκαὶ
928 3402 1051 3469 Πέλλα.
