2378 3840
324 206 411 263 ΗΒ.
446 206 493 261 vl.
527 204 625 262 ΜΡ.
658 204 798 264 58-62
1025 198 1066 259 85

57 372 113 445 λος
128 372 199 433 τῶν
216 366 455 452 Σπαρτιητέων
476 359 578 449 ἀνὴρ,
603 367 648 452 τῷ
664 363 860 447 προσεκέετο
875 365 942 427 τῶν
956 358 1066 428 ύστῶν

55 460 199 549 μάλιστα
209 458 229 530 ὁ
241 459 409 546 Ἀρίστων.
433 459 541 551 τούτῳ
552 466 597 549 τῷ
608 457 708 547 άνδρλ
721 458 880 545 ἐτύγχανε
891 460 992 527 ἐοῦσα
1003 486 1065 545 γυ-

11 556 14 561 ’
58 556 99 647 νὴ
112 565 273 646 καλλίστη
289 566 406 649 μακρῷ
417 564 485 627 τῶν
496 560 533 626 έν
545 558 686 647 Σπάρτῃ
699 564 883 645 γυναικοῖν,
898 558 1065 624 καὶταῦτα

55 658 173 747 μέντοι
188 663 347 745 καλλίστη
363 660 396 740 έξ
412 663 578 743 αἰσχίστης
593 661 766 744 γενομένη.
791 661 915 726 έοῦσαν
928 657 992 745 γάρ
1007 684 1066 741 μιν

54 754 93 827 τδ
112 755 201 838 εἶδος
212 754 402 845 φλαύρηνὴ
417 754 541 844 τροφὸς
551 754 669 845 αὐτῆς,
687 753 740 825 οἷα
753 756 947 845 ἀνθρώπων
959 784 994 826 τε
1008 755 1067 824 ὀλ-

54 860 143 945 βίων
149 860 323 944 θυγατέρα
333 856 390 925 καὶ
400 859 555 924 δυσειδέα
567 858 700 942 έοῦσαν,
716 855 800 944 πρὸς
809 857 846 925 δέ
857 858 912 925 καὶ
923 854 1066 942 δρέονσα

53 949 137 1032 τοὺς
149 955 270 1039 γονέας
285 952 467 1042 συμφορὴν
480 952 517 1022 τὸ
530 953 616 1032 εἶδος
627 953 728 1042 αὐτῆς
740 958 971 1043 ποιευμένους,
984 962 1066 1025 ταῦ-

54 1078 96 1119 τα
117 1052 239 1119 ἕκαστα
260 1059 420 1139 μαθοῦσα
435 1053 649 1138 ἐπιφράζεται
664 1052 792 1120 τοιάδε·
824 1052 943 1140 ἐφόρεε
959 1050 1065 1138 αὐτὴν

54 1145 125 1217 ιἰνᾶ
139 1154 253 1217 πᾶσαν
265 1146 394 1237 ἡμέρην
409 1152 441 1227 ἐς
455 1148 492 1217 τὸ
510 1157 567 1236 τῆς
575 1148 708 1236 Ἑλένης
724 1150 815 1238 ίρόν·
843 1149 880 1218 τό
896 1149 927 1218 δ’
947 1155 1014 1219 ἐστὶ
1029 1153 1065 1218 ἐν

55 1254 96 1335 τῇ
102 1245 264 1335 Θεράπνη
276 1250 474 1335 καλευμένη,
486 1247 616 1335 ὕπερθε
627 1254 859 1335 τοῦΦοιβηίου
870 1254 962 1335 ίροῦ·
979 1247 1065 1326 ὅκως

55 1346 93 1415 δέ
106 1346 244 1414 ἐνείκειε
257 1341 279 1432 ἡ
290 1348 432 1435 τροφός,
447 1345 531 1435 πρός
541 1372 577 1414 τε
592 1345 748 1432 τύγαλμα
761 1349 834 1430 ίστη
849 1350 903 1415 καὶ
919 1349 1065 1417 ἐλίσσετο

25 1438 31 1455 ”
55 1440 120 1533 τὴν
132 1439 220 1511 θεὸν
235 1439 420 1524 ιἰκαλλάξαι
436 1450 494 1531 τῆς
508 1448 717 1532 δυσμορφίης
732 1441 770 1512 τδ
786 1451 931 1515 παιδίον.
954 1451 1009 1514 καὶ
1023 1445 1064 1532 δή

55 1566 133 1611 κοτε
146 1538 295 1631 α’πιούση
310 1544 347 1610 ἐκ
357 1549 418 1610 τοῦ
429 1547 505 1629 ίρού
516 1550 555 1631 τῇ
569 1549 683 1632 τροφῷ
694 1557 839 1628 γυναῖκα
850 1547 979 1632 λέγεται
992 1548 1064 1613 ἐπι-

57 1644 223 1727 φανῆναι,
241 1640 461 1725 ἐπιφανεῖσαν
476 1641 512 1708 δὲ
527 1643 720 1727 έπείρεσδαί
732 1668 808 1728 μιν,
831 1640 851 1710 ὅ
867 1668 899 1710 τι
915 1644 1010 1730 φέρει
1027 1645 1065 1710 ἐν

56 1746 95 1828 τῇ
109 1735 258 1826 ἀγκάλη,
273 1739 328 1806 καὶ
341 1735 403 1825 τὴν
418 1739 562 1825 φράσαι,
584 1735 628 1815 ὡς
641 1741 777 1805 παιδίον
793 1742 923 1826 φορέει·
951 1735 1013 1827 τὴν
1028 1740 1063 1808 δὲ

56 1842 215 1907 κελεῦσαί
228 1843 262 1907 οί
274 1839 375 1925 δέξαι,
403 1834 463 1923 τὴν
479 1835 515 1904 δέ
530 1833 573 1903 ού
587 1834 709 1922 φάναι·
732 1833 936 1924 ἀπειρῆσθαι
950 1836 1017 1922 γάρ
1033 1841 1066 1904 ολ

54 1940 92 2007 ἐκ
103 1944 172 2005 τῶν
185 1941 395 2024 γειναμένων
405 1939 523 2024 μηδενὶ
537 1935 780 2005 ἐπιδεικνύναι·
802 1933 864 2021 τὴν
879 1933 915 2001 δὲ
930 1933 1063 2012 πάντως

56 2037 164 2123 ἑωυτῇ
175 2035 327 2104 κελεύειν
342 2037 503 2116 ἐπιδέξαι·
526 2031 691 2121 ὁρέουσαν
702 2032 739 2101 δέ
753 2030 815 2118 τὴν
829 2044 972 2116 γυναῖκα
988 2032 1063 2115 περὶ

55 2138 185 2201 πολλοῦ
201 2136 407 2220 ποιευμένην
421 2137 569 2218 ἰδέσθαι,
590 2130 679 2200 οὕτω
694 2129 735 2217 δὴ
752 2129 815 2218 τὴν
828 2127 958 2219 τροφὸν
973 2130 1062 2209 δέξαι

57 2227 92 2298 τδ
107 2233 262 2298 παιδίον·
283 2227 347 2318 τὴν
360 2230 396 2299 δέ
408 2237 609 2312 καταψῶσαν
620 2236 681 2298 τοῦ
690 2233 827 2298 παιδίου
839 2228 900 2316 τὴν
912 2224 1059 2314 κεφαλὴν

56 2328 162 2415 εἶπαι,
184 2324 229 2407 ὥς
246 2331 475 2398 καλλιστεύσει
496 2335 630 2396 πασέων
645 2336 713 2396 τῶν
728 2330 766 2396 ἐν
785 2326 926 2416 Σπάρτη
943 2351 1064 2413 γυναι-

56 2438 135 2503 κῶν.
158 2426 224 2498 άπὸ
240 2428 303 2517 μέν
317 2429 357 2517 δὴ
368 2431 489 2519 ταύτης
503 2438 559 2518 τῆς
572 2429 696 2518 ἡμέρης
706 2443 903 2516 μεταπεσεῖν
916 2428 953 2496 τό
967 2427 1060 2506 εἶδος.

56 2531 171 2618 γαμέει
185 2531 222 2597 δέ
237 2529 280 2617 δή
293 2557 353 2616 μιν
373 2533 406 2610 ἐς
420 2532 532 2617 γάμου
553 2528 645 2614 ὤρην
666 2526 872 2613 ἀπικομένην
887 2528 1027 2616 ’Ἄγητος
1044 2525 1062 2595 ὁ

53 2631 235 2717 Ἀλκείδεω,
248 2622 347 2710 οὗτος
358 2627 399 2717 δὴ
410 2627 430 2697 δ
440 2636 501 2697 τοῦ
511 2626 707 2715 Ἀρίστωνος
718 2631 823 2712 φίλος.
846 2624 914 2716 Τᾷν
926 2628 963 2694 δέ
974 2625 1062 2715 ’Λρί-
1077 2634 1112 2689 ⁶²

55 2748 166 2797 στωνα
181 2732 287 2810 ἔκνιζε
301 2726 366 2814 άρα
381 2735 438 2815 τῆς
451 2722 611 2814 γυναικὸς
624 2724 746 2810 ταύτης
769 2729 866 2813 έρως·
912 2731 1062 2811 μηχανᾶ-

55 2852 107 2895 ται
122 2823 164 2912 δὴ
178 2827 308 2895 τοιάδε·
330 2824 431 2906 αὐτός
445 2852 480 2894 τε
494 2831 539 2915 τῷ
556 2826 689 2915 ἑταίρῳ,
705 2829 766 2891 τοῦ
775 2817 819 2911 ἦν
829 2819 850 2911 ἡ
862 2822 949 2910 γονὴ
966 2820 1061 2906 αὕτη,

54 2923 253 2994 ὑποδέκεται
271 2928 416 3012 δωτίνην
430 2924 552 2994 δύσειν
568 2929 636 2992 τῶν
652 2925 780 2991 ἑωυτοῦ
793 2922 931 2990 πάντων
945 2923 999 3007 ἔν,
1023 2919 1060 2989 τὸ

54 3018 98 3090 άν
115 3019 217 3100 αὐτὸς
233 3024 358 3102 ἐκεῖνος
373 3024 501 3109 ἕληται,
519 3016 645 3089 καὶτὸν
657 3021 788 3105 ἑταῖρον
804 3020 915 3109 ἑωυτῷ
930 3021 1062 3086 ἐκέλευε

55 3118 215 3199 ὡσαύτως
231 3117 294 3207 τὴν
307 3118 428 3208 ὁμοίην
441 3120 583 3189 διδόναι.
604 3117 622 3186 ὁ
639 3121 675 3186 δέ
686 3115 787 3186 οὐδέν
798 3117 961 3204 φοβηθεὶς
976 3112 1062 3201 ἀμφὶ

55 3226 94 3307 τῇ
106 3220 254 3306 γυναικὶ,
271 3217 380 3306 ὁρέων
391 3221 514 3287 ἐοῦσαν
525 3218 580 3285 καὶ
589 3213 762 3302 Ἀρίστωνι
775 3226 931 3300 γυναῖκα,
947 3238 1062 3279 καται·

54 3322 124 3391 νέει
137 3326 258 3389 ταῦτα·
284 3322 338 3389 ἐπὶ
354 3321 502 3388 τούτοισι
524 3316 560 3386 δέ
573 3316 696 3404 ὅρκους
717 3312 896 3401 ἐπήλασαν.
927 3305 1009 3395 μετά
1025 3310 1062 3374 δλ

54 3421 156 3504 αύτύς
169 3447 206 3491 τε
221 3418 411 3509 δἈρίστων
427 3426 531 3491 έδωκε
545 3426 660 3503 τοῦτο,
683 3416 703 3485 ὅ
717 3413 803 3502 τιδὴ
819 3405 880 3501 ἦν,
900 3408 938 3478 τὸ
957 3412 1061 3478 εἵλετο
