2378 3840
304 186 389 244 L1B.
420 186 480 242 vn.
516 185 614 242 cAP.
649 187 825 246 187—192.
1006 179 1070 245 205

59 339 250 430 αὐξόμενον
262 340 322 412 τόν
334 348 491 430 χειμῶνα,
506 337 529 428 ἢ
546 345 601 409 καὶ
614 339 680 429 πρό
693 343 827 430 τούτου,
844 343 952 412 ἔθυόν
966 344 1069 410 τεκαὶ

61 443 278 513 ἐπεκαλέοντο
298 441 359 512 τόν
372 468 408 510 τε
421 443 553 529 Βορέην
567 443 622 510 καλ
636 439 700 529 τὴν
710 439 907 529 Ὠρείθυιαν
921 449 1069 530 τιμωρῆ-Δ

61 548 121 612 σαί
135 562 195 631 σφι
212 546 268 613 καί
281 546 479 631 διαφθεῖραι
492 548 560 610 τῶν
575 542 758 632 βαρβάρων
772 542 831 624 τάς
847 544 942 630 νέας,
958 541 1003 622 ὡς
1013 544 1069 610 καί

61 639 227 729 πρότερον
240 641 339 762 περλ”
333 650 448 710 Αθων.
478 645 508 709 εί
523 640 585 726 μέν
601 667 668 709 νυν
688 640 743 710 διδ
759 648 864 709 ταῦτα
883 654 968 709 τοῖσι
983 646 1069 726 βαρ·

57 741 190 829 βάροισι
207 736 367 826 ὁρμέουσι
384 763 402 804 ο
393 734 547 843 ’Βορέης
566 736 722 823 ἐπέπεσε,
747 735 811 805 οόκ
830 744 894 824 έχω
912 736 1020 827 εἶπαι,
1038 742 1074 805 oc
1156 770 1161 777 ·

54 839 89 909 δ’
119 867 168 908 ων
188 836 368 924 Ἀθηναῖοί
387 856 447 923 σφι
470 834 607 920 λέγουσι
629 836 832 923 βωδησαντα
861 835 922 907 τόν
942 838 1072 928 Βορέην

57 940 224 1063 πρότερον
236 936 341 1006 καὶ’
301 964 376 1006 τοτε
391 935 792 1025 έκείνακατεργάσασδαι,
806 938 863 1005 καί
877 936 953 1026 ίρδν
966 935 1070 1006 ἄπελ-

51 1042 176 1120 -θόντες
198 1037 308 1127 Βορέω
335 1035 517 1126 ἱδρύσαντο
540 1034 630 1126 παρά
656 1033 807 1125 ποταμόν
828 1032 979 1107 Ἰλισσόν.
1017 1037 1073 1109 ’Βν
1091 1055 1142 1109 190

55 1141 166 1232 τοότφ
180 1144 229 1231 τῷ
243 1137 337 1230 πόνφ
351 1138 430 1216 νέας
447 1141 484 1205 οἳ
495 1138 667 1224 ἐλαχίστας
684 1139 818 1222 λέγουσι
831 1142 1073 1229 διαφθαρῆναι,

58 1240 297 1331 τετρακοσιέων
310 1235 374 1307 οόκ
393 1236 576 1318 ἐλάσσονας
581 1289 592 1324 ,
610 1235 738 1327 ἄνδρας
755 1264 791 1307 τε
807 1232 1072 1327 ἀναριθμήτους,

63 1340 242 1430 χρημάτων
250 1365 286 1408 τε
294 1344 426 1425 πλῆθος
435 1337 601 1427 ἄφθονον,
617 1335 910 1426 άστεἈμεινοκλέι·
920 1343 969 1432 τῷ
981 1349 1074 1430 Κρη-

53 1448 158 1510 τίνεω
175 1437 277 1528 ἀνδρὶ
294 1440 452 1524 Μάγνητι
469 1441 640 1526 γηοχέοντι
656 1440 732 1528 περὶ
751 1439 907 1527 Σηπιάδα
923 1441 1075 1529 μεγάλας

58 1537 78 1628 ἡ
98 1547 245 1628 ναυηγίη
269 1536 353 1626 αὕτη
370 1535 495 1628 χρηστὴ
515 1539 662 1626 ἐγένετο,
687 1536 724 1619 δς
742 1538 850 1608 πολλοὶ
868 1539 931 1627 μέν
947 1542 1075 1631 χρύσεα

58 1642 199 1729 ποτήρια
216 1634 347 1730 ὑστέρῳ
371 1639 483 1732 χρόνφ
502 1638 752 1729 ἐκβρασσόμενα
777 1638 927 1711 ἀνείλετο
933 1693 945 1731 ,
967 1641 1075 1712 πολλά

59 1742 97 1810 δέ
115 1740 278 1830 όργόρεα,
294 1739 493 1828 θησαυρούς
510 1764 546 1805 τε
563 1745 631 1808 τάν
648 1741 810 1829 Περσέων
828 1733 919 1832 εὗρε,
937 1739 1024 1812 ἄλλα
1040 1771 1077 1813 τε

58 1840 174 1928 ἄφατα
198 1839 348 1929 χρήματα
370 1839 593 1929 περιεβάλετο.
642 1835 718 1908 ἄλλ’
744 1839 761 1908 6
792 1842 854 1930 μὲν
883 1835 988 1911 τᾶλλα
1012 1841 1076 1913 οὐκ

59 1941 232 2030 εὐτυχέων
251 1938 416 2031 εὑρήμασι
432 1942 518 2029 μέγα
536 1940 694 2021 πλούσιος
714 1941 859 2028 ἐγένετο·
884 1935 927 2030 ἦν
944 1941 1009 2033 γάρ
1026 1971 1075 2025 τις

64 2044 119 2110 καὶ
131 2048 254 2110 τοῦτον
264 2040 382 2130 ἄχαρις
391 2041 549 2129 συμφορὴ
560 2047 713 2111 λυπεῦσα
724 2042 939 2129 παιδοφόνος.
963 2051 1068 2111 Σιτα-
1086 2063 1135 2119 ιςι

62 2146 184 2224 γωγτόν
200 2140 237 2208 δὲ
250 2137 406 2209 ὁλκάδων
417 2142 551 2209 καὶτῶν
565 2137 677 2209 ἄλλων
688 2144 815 2208 πλοίων
826 2143 1067 2227 διαφθειρομέ-

58 2263 134 2304 νων
149 2234 212 2304 οὐκ
226 2239 310 2323 έπῆν
319 2236 482 2325 α’ριθμός,
501 2236 585 2306 ιόστε
597 2241 765 2315 δείσαντες
776 2242 809 2304 οί
819 2240 996 2324 στρατηγοὶ
1005 2245 1067 2305 τοῦ

64 2340 225 2403 ναυτικοῦ
240 2343 393 2422 στρατοῦ,
410 2336 456 2421 μή
471 2355 532 2422 σφι
546 2335 807 2421 κεκακωμένοισι
822 2336 1023 2404 ἐπιθέωνται
1035 2340 1069 2404 οί

63 2432 237 2516 Θεσσαλοί,
254 2433 350 2516 ἕρκος
361 2429 495 2519 ὑψηλόν
504 2435 540 2502 έκ
551 2437 619 2500 τῶν
630 2436 803 2516 ναυηγίων
816 2433 1065 2520 περιεβάλοντο.

63 2527 188 2614 ἡμέρας
201 2525 266 2614 γάρ
283 2527 323 2613 δὴ
345 2531 489 2615 ἐχείμαζε
509 2543 614 2616 τρεῖς·
641 2534 734 2608 τέλος
751 2529 787 2596 δὲ
802 2533 924 2617 ἔντομά
941 2559 977 2600 τε
991 2557 1069 2600 ποι-

66 2632 180 2704 εόντες
195 2629 249 2694 καί
264 2631 493 2706 καταείδοντες
506 2634 606 2716 γοῇσι
620 2632 666 2716 τῷ
679 2623 792 2717 άνέμφ
806 2631 840 2697 ol.
844 2631 969 2714 Μάγοι,
985 2627 1069 2715 πρός

64 2725 102 2790 δὲ
115 2721 264 2791 τούτοισι
280 2726 336 2792 καὶ
349 2731 389 2812 τῇ
400 2727 478 2794 Θέτι
491 2728 546 2798 καί
562 2730 636 2812 τῇσι
647 2729 794 2810 Νηρηίσι
808 2725 953 2805 θύοντες
962 2731 1049 2795 ἔπαυ

63 2841 129 2890 σαν
142 2819 281 2911 τετάρτη
295 2819 412 2911 ἡμέρη,
427 2817 568 2909 ἢάλλως
578 2847 645 2900 κως
659 2818 760 2901 αὐτός
773 2824 902 2891 έδέλων
915 2823 1066 2892 ἐκόπασε.

64 2949 104 3011 τη
89 2926 155 2989 δὲ
171 2925 248 2990 (δέτι
268 2927 376 2990 ἔθυον
395 2921 587 3009 πυθόμενοι
602 2920 693 3010 παρά
715 2929 783 2990 τῶν
797 2920 918 2992 Ἰάνων
933 2920 995 2992 τόν
1009 2925 1063 2992 λό-
1159 2957 1161 2959 >

65 3046 144 3105 γον,
165 3045 211 3099 ως
225 3022 262 3087 έκ
277 3028 339 3088 τοῦ
353 3022 471 3141 χιόρου
492 3022 615 3090 τοότον
634 3017 865 3108 δρπασθείη’
847 3045 914 3088 υπο
903 3018 1069 3138 Πηλέος,

66 3127 117 3202 είη
131 3142 167 3184 τε
180 3114 292 3186 απασα
305 3145 327 3205 η
343 3116 424 3205 ἄκτη
414 3116 605 3206 ηΣηπιας
618 3120 747 3204 ἐκείνης
757 3141 793 3184 τε
807 3119 945 3185 καὶτῶν
960 3114 1070 3184 ἄλλων

64 3196 257 3299 Νηρηίδων.
273 3211 388 3303 Ομέν
399 3213 441 3303 δη
457 3213 597 3306 τετάρτη
611 3212 718 3336 ἡμέρη
733 3215 916 3300 έπέπαντο,
930 3228 1016 3283 τοῖσι
1034 3216 1070 3283 δὲ
1086 3235 1138 3294 192

54 3312 200 3398 Ἕλλησι
215 3308 286 3378 οῖ’
266 3313 495 3400 ημεροσκόποι
516 3311 582 3383 άπδ
598 3339 667 3383 των
681 3312 796 3400 ἄκρων
811 3338 879 3381 των
892 3308 1070 3402 Βύβοίκαῑν

63 3407 334 3497 καταδραμόντες
349 3415 487 3500 δεντέρη
501 3409 625 3501 ἡμέρη,
640 3408 699 3480 ἄπ’
714 3404 755 3498 ἧς
769 3407 788 3479 6
804 3406 928 3497 χειμοδν
942 3407 962 3476 6
976 3417 1075 3492 πρόι-
