2378 3840
323 179 398 235 ΗΒ
443 177 800 236 vl.cA1³.53-5ss.
1024 177 1065 240 83

55 355 117 414 σας
130 343 189 405 καί
207 335 349 425 έρδόμας
369 338 548 421 ἱσταμένου
570 342 628 401 τοῦ
643 332 749 420 μηνὸς
769 340 925 405 δίδοσθαι
946 340 982 405 έκ
1003 346 1064 406 τοῦ

55 438 221 521 δημοσίου
237 433 349 521 ίρήιον
366 432 481 499 τέλεον
508 435 651 522 έκατέρφ
668 434 701 510 ές
712 429 919 512 ’Λπόλλωνος
934 438 988 502 καὶ
1005 439 1065 520 μέ-

55 539 179 619 διμνον
194 531 344 620 ἀλφίτων
358 534 413 602 καὶ
430 543 527 602 οίνου
541 532 702 618 τετάρτην
717 540 935 620 Λακωνικήν,
957 537 1011 602 καλ
1026 537 1063 601 έν

55 644 142 700 τσίσι
157 628 263 717 ἀγῶσι
281 638 363 699 πᾶσι
380 635 558 719 προεδρίας
573 632 775 715 ἐξαιρέτους·
798 633 852 698 καί
868 635 1062 716 προξείνους

54 725 300 798 ἀποδεικνύναι
310 728 458 799 τούτοισι
467 729 689 817 προσκέεσθαι
701 725 778 806 τούς
788 723 832 795 άν
844 732 984 797 ἐθέλωσι
996 738 1063 799 τῶν

54 825 185 914 ἀστῶν,
193 830 256 896 καί
269 834 425 907 Πυθίους
435 832 609 914 αἱρέεσθαι
621 827 683 895 δύο
696 825 869 910 ἑκάτερον·
895 833 928 896 οί
937 831 977 898 δέ
988 830 1063 898 Πύ-

54 930 134 993 θιοι*
141 930 204 993 εἰσι
212 926 403 1013 θεοπρόποι
415 930 448 1005 ές
454 922 623 1012 Δελφούς,
632 925 817 1011 σιτεόμενοι
828 924 909 1012 μετά
922 935 990 995 τῶν
1000 937 1063 1014 βα-

54 1025 177 1091 σιλέων
191 1020 233 1090 τά
247 1023 407 1111 δημόσια·
434 1022 479 1111 μή
501 1027 640 1094 ἐλθοῦσι
658 1023 694 1090 δέ
715 1037 798 1092 τοίσι
814 1032 987 1111 βασιλεῦσι
1010 1029 1062 1094 έπὶ

54 1116 92 1187 τό
104 1123 244 1187 δεῖπνον
254 1118 514 1208 ἀποπέμπεσθαί
522 1143 582 1208 σφι
597 1125 630 1200 ές
640 1119 680 1188 τά
693 1127 780 1190 οίκία
792 1121 941 1209 ἀλφίτων
952 1152 987 1193 τε
999 1125 1061 1193 δύο

54 1226 204 1307 χοίνικας
214 1225 357 1314 έκατέρφ
368 1225 423 1292 καί
435 1233 531 1292 οίνου
543 1223 706 1309 κοτύλην,
721 1231 883 1308 παρεοῦσι
894 1227 930 1293 δέ
941 1225 1062 1311 διπλή-

55 1340 113 1387 σια
127 1318 237 1388 πάντα
252 1324 425 1390 δίδοσθαι·
448 1321 554 1390 τύυτδ
570 1320 607 1390 δέ
621 1330 720 1389 τοῦτο
736 1327 789 1390 καὶ
804 1321 888 1407 πρός
902 1327 1061 1392 ἰδιωτέων

55 1420 241 1503 κληθέντας
253 1421 305 1487 ἐπὶ
314 1425 452 1488 δεῖπνον
464 1427 642 1507 τιμᾶσθαι·
654 1418 712 1500 τάς
725 1421 761 1488 δέ
768 1429 927 1508 μαντηίας
938 1422 996 1502 τάς
1007 1451 1060 1508 γι-

57 1518 199 1603 νομένας
211 1516 352 1596 τούτους
362 1519 559 1605 φυλάσσειν,
578 1519 768 1586 συνειδέναι
781 1519 816 1585 δέ
829 1521 884 1588 καί
895 1518 974 1598 τούς
985 1527 1061 1587 Πυ-

58 1623 169 1694 θίους·
186 1615 332 1698 δικάζειν
343 1618 379 1685 δέ
387 1615 537 1703 μούνους
545 1613 625 1695 τούς
634 1618 790 1704 βασιλέας
800 1616 920 1685 τοσάδε
931 1624 1059 1704 μούνα·

56 1714 248 1799 πατρούχου
262 1741 297 1781 τε
312 1719 488 1801 παρθένιον
504 1717 597 1800 πέρι,
613 1716 646 1792 ἐς
663 1711 722 1783 τόν
739 1718 880 1783 ίκνέεται
896 1722 998 1803 ἔχειν,
1019 1712 1060 1802 ἢν

55 1812 165 1900 μήπερ
191 1811 210 1880 δ
241 1811 350 1900 πατήρ
374 1812 479 1901 αὐτὴν
501 1813 662 1902 έγγυήση,
687 1819 741 1881 καί
763 1812 853 1882 ὁδῶν
875 1820 1061 1902 δημοσιέων

55 1914 132 1997 πέρι
141 1935 159 1949 ··
169 1913 223 1978 καὶ
237 1908 280 1998 ήν
291 1939 340 1990 τις
353 1911 457 1981 θετδν
468 1917 570 1980 παῖδα
580 1914 755 1980 ποιέεσθαι
766 1916 877 2002 έθέλη,
895 1919 1060 2001 βασιλέων

55 2012 212 2077 ἐναντίον
227 2013 416 2078 ποιέεσθαν
447 2013 501 2078 καὶ
519 2016 667 2098 παρίζειν
680 2012 883 2098 βουλεύουσι
903 2028 988 2081 τοῖσι
1002 2019 1058 2100 γέ·

55 2127 170 2193 ρουσι,
189 2109 281 2175 έοῦσι
295 2111 388 2174 δυῶν
404 2109 516 2176 δέουσι
531 2108 717 2195 τριήκοντα.
746 2104 790 2194 ἦν
807 2113 844 2178 δέ
859 2109 904 2198 μή
923 2117 1059 2196 ἔλθωσι,

55 2203 135 2284 τούς
149 2202 293 2290 μάλιστά
309 2227 370 2293 σφι
390 2214 458 2274 τῶν
479 2207 648 2293 γερόντων
667 2209 898 2296 προσήκοντας
912 2216 999 2296 ἔχειν
1019 2211 1059 2279 τά

56 2310 123 2371 τῶν
135 2307 301 2390 βασιλέων
318 2307 432 2390 γέρεα,
448 2305 509 2372 δύο
521 2307 656 2392 ψήφους
667 2309 879 2394 τιθεμένους,
894 2315 1009 2394 τρίτην
1023 2309 1060 2377 δέ

56 2402 116 2487 τήν
132 2402 274 2469 ἑωυτῶν.
319 2407 429 2469 Ταῦτα
449 2403 511 2488 μέν
528 2402 647 2482 ζώουσι
664 2417 749 2470 τοῖσι
768 2410 943 2490 βασιλεύοι
964 2409 1057 2472 δέδο-
1073 2418 1107 2472 58

55 2527 107 2566 ται
119 2503 156 2566 ἐκ
168 2505 228 2566 τοῦ
237 2507 355 2567 κοινοῦ
365 2506 433 2567 τῶν
440 2503 688 2587 Σπαρτιητέων,
696 2498 907 2568 ἀποθανοῦσι
921 2500 956 2567 δέ
963 2501 1058 2568 τάδε·

55 2601 168 2674 ι’ππέες
183 2599 458 2684 περιαγγέλλουσι
475 2594 511 2664 τδ
530 2595 668 2683 γεγονός
685 2595 767 2664 κατά
784 2605 896 2664 πᾶσαν
912 2595 972 2684 τήν
988 2610 1060 2667 Λα-

54 2699 220 2782 κωνικήν,
235 2695 365 2767 κατδδὲ
380 2695 442 2786 τήν
455 2698 556 2767 πόλιν
568 2712 724 2784 γυναῖκες
734 2704 924 2786 περιιοῦσαι
937 2701 1059 2786 λέβητα

10 2842 12 2877 ;
54 2801 236 2884 κροτέουσι
261 2797 362 2867 έπεάν
378 2793 427 2867 ύν
444 2807 541 2868 τοῦτο
556 2802 691 2886 γένηται
705 2807 854 2885 τοιοῦτο,
877 2797 1007 2887 ἀνάγκη
1025 2803 1058 2882 έξ

10 2882 14 2905 ’
53 2902 158 2981 οἰκίης
170 2896 308 2985 ἑκάστης
319 2901 520 2984 ἐλευθέρους
531 2898 594 2967 δύο
606 2905 892 2985 καταμιαίνεσθαι,
906 2897 1013 2986 ἄνδρα
1024 2925 1059 2965 τε

25 3024 30 3031 ·
53 2999 106 3064 καὶ
120 3010 282 3083 γυναῖκα·
304 2995 348 3085 μή
365 2998 521 3086 ποιήσασι
537 3002 573 3066 δέ
587 3005 685 3066 τοῦτο
707 3002 815 3083 ζημίαι
830 2996 971 3081 μεγάλαι
987 2999 1058 3063 έπι-

53 3097 175 3163 κέαται.
197 3095 301 3182 νόμος
315 3098 351 3163 δέ
371 3109 457 3163 τοῖσι
472 3100 764 3182 Λακεδαιμονίοισι
780 3092 862 3162 κατὰ
879 3101 946 3162 τῶν
960 3102 1057 3182 βασι-

51 3195 137 3260 λέων
147 3190 404 3274 τούςθανάτους
413 3197 478 3262 ἐστὶ
487 3191 593 3274 ὡυτδς
604 3200 659 3263 καὶ
666 3209 751 3262 τοῖσι
761 3193 961 3282 βαρβάροισι
973 3207 1058 3262 τοῖσι

52 3294 89 3358 έν
108 3299 150 3380 τῇ
166 3289 272 3382 Ἀσίη·
299 3294 444 3382 τῶνγὰρ
469 3288 518 3363 τόν
534 3296 715 3384 βαρβάρων
730 3299 764 3361 οί
782 3299 923 3373 πλεῦνες
942 3291 1057 3386 τώυτῷ

53 3390 144 3480 νόμῳ
155 3397 307 3476 χρέονται
318 3390 400 3461 κατά
411 3391 491 3470 τούς
501 3393 672 3471 θανάτους
683 3399 751 3460 τῶν
761 3396 936 3480 βασιλέων.
954 3393 1056 3460 ἐπεάν

872 3492 889 3545 6
902 3492 916 3519 ἵ
