2378 3840
307 195 391 251 ιιι.
423 193 482 250 vn.
514 192 615 259 σει.
651 154 826 257 ιιι-ιω.
1008 195 1071 258 ιεσ

66 353 180 414 Ταῦτα
190 347 252 433 μέν
262 346 324 435 τὴυ
334 355 472 436 Πυθίην
485 354 604 435 χρῆσαι
618 348 800 438 πρότερον,
815 352 896 439 μετά
912 355 948 425 δέ
960 355 1004 436 ὑς
1015 357 1071 427 έλ-

65 459 142 516 θεϊν
155 446 233 528 τοὺς
243 447 405 537 ἀγγέλους
416 454 450 530 ές
460 447 501 536 δὴ
516 447 691 535 κδ’Ἀργος,
705 453 859 520 ἐπελθεῖν
871 457 923 522 έπὶ
933 453 970 522 τό
985 463 1071 543 βου-

64 549 242 637 λευτὴριον
251 553 305 618 καί
317 555 426 637 λέγειν
436 547 477 617 τά
488 553 715 646 ἐντεταλμένα.
732 546 812 628 τοὺς
822 552 859 619 δὲ
869 549 953 638 πρὸς
963 550 1003 620 τά
1014 560 1072 621 λε-

30 683 34 689 ·
62 647 190 733 γόμευα
211 645 478 737 ὑποκρίνασθαι,
500 647 544 728 ὡς
564 652 691 735 ἑτοίμοί
704 655 768 719 είσι
784 649 924 737 Ἀργεῖοι
944 658 1071 721 ποιέειν

62 754 168 815 ταῦτα
184 749 362 836 τριήκοντα
383 756 456 820 ἔτεα
477 749 615 837 εἰρήνην
628 749 844 838 σπεισάμενοι
861 757 1072 839 Λακεδαιμο-

62 853 165 913 νίοισι
177 850 231 914 καὶ
238 842 416 933 ἡγεόμενοι
425 843 509 914 κατά
520 843 557 913 τδ
568 844 673 932 ἥμισυ
683 847 791 933 πάσης
800 854 858 934 τῆς
869 855 1070 935 συμμαχίης·

62 953 170 1015 καίτοι
185 946 269 1014 κατά
282 973 321 1032 γε
337 944 374 1014 τό
391 951 522 1015 δίκαιον
538 953 694 1032 γίνεσθαι
710 944 773 1032 τὴν
787 942 971 1033 ἡγεμονίην
985 951 1069 1015 ἑωυ-

62 1052 148 1130 τῶν,
166 1043 240 1113 ἀλλ’
254 1043 343 1130 ὅμως
354 1064 415 1128 σφι
425 1042 576 1129 ἀποχρᾶν
590 1041 673 1110 κατά
684 1040 721 1110 τὸ
732 1041 838 1128 ἥμισυ
848 1041 1068 1131 ἡγεομένοισι.

67 1150 180 1209 Ταῦτα
199 1144 262 1227 μὲν
278 1145 412 1227 λέγουσι
426 1139 489 1228 τὴν
503 1138 633 1228 βουλὴν
647 1139 913 1230 ὑποκρίνασθαι,
948 1147 1069 1230 καίπερ
1082 1160 1133 1215 14⁹

64 1237 333 1325 ἀπαγορεύοντός
358 1257 420 1323 σφι
440 1246 502 1306 τοῦ
522 1244 724 1325 χρηστηρίου
747 1237 792 1324 μὴ
812 1243 988 1307 ποιέεσθαι
1007 1237 1070 1326 τὴν

63 1333 148 1421 πρὸς
161 1334 408 1423 τοὺςἝλληνας
419 1342 617 1422 συμμαχίην.
641 1333 794 1421 σπουδὴν
811 1336 846 1403 δὲ
861 1341 948 1421 ἔχειν
963 1354 1070 1403 σπον-
1102 1419 1105 1423 Δ

63 1430 123 1510 δάς
133 1437 292 1519 γενέσθαι
303 1437 598 1519 τριηκοντοέτιδας,
612 1432 732 1515 καίπερ
746 1429 784 1499 τὸ
791 1430 992 1519 χρηστήριον
1004 1457 1070 1518 φο-

62 1531 267 1616 βεομένοισι,
278 1533 335 1598 ίνα
346 1529 389 1617 δή
401 1548 462 1617 σφι
475 1533 511 1599 οί
518 1533 633 1607 παῖδες
643 1525 862 1615 ἀνδρωθέωσι
872 1532 909 1597 ἐν
920 1529 1078 1600 τούτοισι·

61 1638 146 1692 τοῖσι
157 1630 251 1693 ἔτεσι.
268 1625 312 1713 μὴ
324 1627 361 1694 δὲ
372 1629 546 1695 σπονδέων
556 1628 701 1693 ἐουσέων
713 1627 934 1714 ἐπιλέγεσθαι,
947 1623 991 1714 ἡν
1002 1627 1068 1713 ἀρα

61 1727 166 1805 σφέας
186 1722 357 1810 καταλάβῃ
378 1720 462 1807 πρός
482 1729 528 1812 τῷ
543 1723 697 1807 γεγονότι
712 1730 804 1812 κακῷ
824 1721 905 1793 ἀλλο
922 1740 1068 1811 πταῖσμα

61 1814 145 1902 πρός
156 1815 417 1905 τὺνΠέρσην,μὴ
427 1816 465 1887 τό
476 1817 596 1887 λοιπὸν
607 1823 968 1906 έωσιΛακεδαιμονίων
978 1819 1068 1907 ὑπή-

59 1938 143 1981 κοοι.
162 1920 230 1980 τῶν
241 1913 277 1981 δὲ
291 1912 442 2000 ἀγγέλων
452 1913 532 1993 τοὺς
545 1910 610 1981 ἀπὸ
622 1920 680 2000 τῆς
690 1914 849 2000 Σπάρτης
860 1913 944 2002 πρός
954 1915 994 1984 τά
1005 1921 1068 2005 ρη-

60 2011 163 2078 θέντα
175 2011 211 2076 έκ
225 2016 283 2096 τῆς
296 2017 421 2098 βουλῆς
432 2008 639 2097 ἀμείψασθαι
648 2013 788 2097 τοισίδε,
803 2014 878 2097 περὶ
888 2012 950 2099 μέν
961 2033 1068 2082 σπον-

59 2114 145 2177 δέων
159 2107 308 2179 ἀνοίσειν
328 2113 361 2189 ές
381 2108 460 2190 ’τοὺς
476 2118 638 2197 πλεῦνας,
657 2111 733 2194 περὶ
751 2109 787 2179 δὲ
806 2107 985 2199 ἡγεμονίης
1004 2109 1068 2180 αὑ-

58 2221 143 2275 τοῖσι
156 2207 353 2277 ἐντετάλθαι
368 2207 634 2296 ὑποκρίνασθαι,
649 2212 706 2276 καί
723 2206 763 2295 δὴ
775 2213 885 2296 λέγειν
899 2218 993 2297 σφίσι
1005 2213 1068 2298 μὲν

58 2303 144 2372 εἶναι
159 2302 221 2371 δύο
235 2308 406 2392 βασιλέας,
424 2302 602 2394 Ἀργείοισι
621 2308 656 2374 δὲ
675 2307 750 2372 ἕνα·
774 2305 836 2375 οὑκ
853 2299 902 2375 τόν
919 2306 1067 2375 δυνατόν

59 2398 144 2468 εἶναι
160 2407 228 2467 τῶν
244 2403 280 2469 έκ
294 2404 453 2491 Σπάρτης
467 2402 646 2490 οὐδέτερον
660 2409 787 2483 παῦσαι
805 2411 863 2491 τῆς
875 2401 1066 2491 ἡγεμονίης,

58 2495 140 2581 μετά
156 2497 193 2563 δὲ
208 2500 270 2565 δύο
285 2506 353 2586 τόν
364 2504 534 2586 σφετέρων
550 2498 731 2585 ὁμόψηφον
744 2498 805 2565 τὸν
816 2497 1067 2584 Ἀργεϊονείυαι

57 2590 202 2660 κωλύειν
214 2591 324 2661 οὐδέν.
344 2592 433 2661 οὑτω
444 2593 484 2682 δὴ
497 2601 532 2664 oi
540 2593 684 2682 Ἀργείοί
692 2614 774 2681 φασι
786 2592 849 2663 οὑκ
860 2593 1066 2681 ἀνασχέσθαι

57 2697 125 2756 τῶν
139 2692 377 2777 Σπαρτιητέων
390 2689 453 2778 τὴν
467 2698 679 2779 πλεονεξίην,
694 2688 769 2762 ἀλλ’
787 2693 921 2760 ἑλέσθαι
935 2699 1065 2777 μᾶλλον

55 2785 122 2854 ὑπὸ
144 2794 213 2855 τῶν
231 2787 414 2875 βαρβάρων
434 2787 597 2876 ἀρχεσθαι
616 2786 639 2875 ἥ
657 2816 689 2857 τι
709 2786 841 2870 ὑπεῖξαι
853 2794 1065 2876 Λακεδαιμο-

55 2891 174 2969 υίοισι,
199 2901 371 2974 προειπεῖν
391 2913 427 2955 τε
442 2901 529 2955 τοῖσι
549 2883 719 2974 ἀγγέλοισι
737 2884 802 2975 πρό
826 2885 947 2965 δύντος
965 2883 1064 2973 ἡλίου

55 2983 329 3053 ἀπαλλάσσεσθαι
345 2988 381 3054 έκ
392 2992 450 3072 τῆς
467 2983 625 3074 Ἀργείων
644 2987 768 3075 χόρης,
791 2990 822 3054 εί
833 2984 870 3053 δὲ
885 2982 948 3072 μὴ,
969 3007 1066 3070 περι-

56 3084 197 3156 έσεσθαι
210 3078 254 3159 ὑς
268 3091 457 3169 πολεμίους,
480 3081 586 3154 Αὐτοὶ
601 3085 663 3170 μὲν
674 3082 815 3171 Ἀργελοι
825 3088 970 3151 τοσαῦτα
983 3078 1065 3149 τοὺ·
1078 3101 1127 3154 151

54 3205 123 3246 των
137 3181 211 3261 πέρι
222 3183 373 3269 λέγουσι,
390 3189 457 3252 ἔστι
469 3185 506 3252 δὲ
516 3181 616 3263 ἀλλος
626 3184 725 3270 λόγος
736 3181 915 3270 λεγόμενος
925 3177 991 3249 ἀνά
1001 3179 1065 3269 τὴν

49 3273 207 3361 Ἑλλάδα,
226 3274 270 3354 ὡς
282 3284 406 3366 Ξέρξης
428 3286 553 3368 έπεμψε
573 3282 705 3368 κήρυκα
719 3277 885 3366 έςἍργος
899 3279 1065 3367 πρότερον

51 3369 140 3460 ἤπερ
169 3369 311 3458 ὁρμῆσαι
333 3378 576 3462 στρατεύεσθαι
596 3377 648 3446 έπλ
662 3373 724 3460 τὴν
739 3372 890 3445 Ἑλλάδα.
920 3373 1066 3446 έλθόντα

1016 3516 1124 3616 Ι
