2378 3840
112 194 175 259 342
491 200 743 257 HERODOTI

115 387 200 446 μενα
219 361 384 429 δέκεσθαι
421 356 458 426 ‘0
474 360 510 425 δὲ
528 353 573 435 ὡς
592 362 696 424 ταῦτα
711 354 851 477 ήκονσε,
874 367 975 439 εἴπας
989 359 1128 430 τοσόνδε

51 460 133 525 Πλέ
117 458 235 543 έχωρεε
251 462 328 538 ἔξω
346 460 534 541 Δέσποτα,
557 480 599 522 ου
588 450 664 619 ’δήέ
678 455 726 522 κω’
741 482 782 541 με
802 453 991 539 ἀπώλεσας.
1028 457 1086 529 Ἐν
1098 463 1128 530 δέ

116 554 224 645 τούτῳ
239 563 285 645 τῷ
307 551 361 621 δά
379 557 483 640 μέσου
500 551 627 642 χρόνω,
648 554 685 619 ἐν
705 579 751 642 τςο
737 556 887 673 Ξέρξης
898 581 956 646 τφ
941 555 1128 649 ἀδελφεῷ

117 623 292 738 διελέγετο,
309 583 516 737 ήΑμηστρις
527 653 805 736 μεταπεμψαμένη
817 649 896 730 τοδς
907 655 1128 742 δορυφόρους

93 831 96 841 Ι
116 758 177 820 τοῦ
193 755 275 837 Ξέρξ
278 775 321 818 εω
341 755 590 836 διαλυμαίνεται
612 746 674 835 τήν
687 764 831 836 γυναῖκα
846 748 909 838 τήν
926 759 1127 824 Μασίστεω·

117 850 196 928 τοός
215 875 251 917 τε
272 847 395 934 μαζοὺς
416 846 633 934 ἀποταμοῦσα
659 850 737 916 κυσὶ
757 851 941 936 προέβαλε,
970 853 1035 919 καὶ
1057 854 1128 939 δῖνα

119 939 218 1014 καὶ
192 972 258 1013 ωτα
274 949 393 1015 καὶί
341 973 377 1032 χε
378 953 449 1015 ίλεα
464 948 518 1014 καὶ
532 952 687 1032 γλῶσσαν
704 948 891 1032 ἐκταμοῦσα
905 949 941 1026 ές
958 946 1064 1018 οἶκόν
1076 972 1128 1034 μιν

54 1058 103 1112 113
119 1042 305 1132 ἀποπέμπει
319 1046 637 1130 διαλελυμασμένην.
666 1041 702 1111 ‘O
720 1043 756 1111 δέ
771 1049 947 1129 Μασίστης
961 1042 1073 1114 οὐδέν
1084 1069 1126 1112 κα
1159 1044 1164 1109 ἰ

118 1141 269 1230 ἀκηκοώς
284 1142 430 1230 τούτων,
447 1145 628 1229 ἐλπόμενος
642 1147 682 1211 δέ
694 1151 729 1210 τί
742 1147 776 1211 οί
788 1141 894 1210 κακόν
909 1141 1021 1232 εἶναι,
1041 1149 1127 1215 έσιτί-

119 1269 192 1311 πτει
207 1243 320 1333 δρόμῳ
335 1246 368 1321 ές
385 1239 425 1310 τά
441 1248 536 1311 οίκία.
566 1239 649 1309 ἰδών
663 1244 700 1309 δὲ
714 1243 973 1328 διεφθαρμένην
989 1240 1057 1330 τήν
1069 1269 1127 1330 μν-

119 1355 229 1426 ναῖκα,
244 1337 362 1407 αὐτίκα
373 1338 453 1426 μετά
466 1347 570 1408 ταῦτα
583 1340 922 1427 συμβουλευσόμενος
933 1354 1029 1411 τοῖσι
1040 1343 1127 1410 παισὶ

120 1439 298 1522 έπορεόετο
313 1439 346 1516 ἐς
362 1438 495 1523 Βάκτρα
520 1437 586 1504 σόν
599 1463 635 1504 τε
649 1451 734 1505 τοῖσι
752 1440 879 1504 ἑωυτοῦ
893 1442 1005 1506 υλοίσι
1020 1440 1077 1506 καὶ
1090 1435 1126 1523 δή

120 1538 185 1604 κοό
199 1556 265 1604 τισι
280 1540 334 1603 καὶ
349 1535 477 1604 ἀλλοισι
493 1534 537 1613 ὡς
552 1533 751 1622 ἀποστήσων
765 1533 872 1622 νομόν
882 1533 945 1603 τόν
956 1537 1123 1625 Βάκτριον

121 1637 175 1702 καὶ
195 1633 345 1721 ποιήσων
359 1633 400 1702 τά
414 1635 551 1721 μέγιστα
572 1640 685 1702 κακῶν
698 1636 844 1721 βασιλέα.
883 1631 995 1722 τόπερ
1020 1631 1125 1704 ἀνιαδ

121 1735 269 1818 ἐγένετο,
296 1729 340 1810 ὡς
360 1733 431 1819 ε’μοδ
452 1736 597 1816 δοκέειν,
624 1741 716 1816 είπερ
732 1737 823 1817 ἔφθη
843 1728 976 1818 ἀναβὰς
999 1736 1036 1812 ές
1054 1729 1124 1809 τοδε

121 1837 305 1916 Βακτρίους
322 1833 376 1898 καὶ
390 1827 469 1908 τούς
480 1829 610 1909 Σάκας·
631 1831 686 1897 καὶ
701 1827 764 1914 χάρ
780 1828 938 1914 ἔστεργόν
948 1833 992 1898 τέ
1004 1856 1067 1916 μιν
1079 1832 1125 1897 καλ

121 1923 165 2016 ἦν
180 1927 327 2015 ὕπαρχος
347 1935 415 1995 τῶν
431 1934 613 2011 Βακτρίων.
642 1925 727 1996 ἀλλά
747 1925 812 2012 γὰρ
826 1928 949 2013 Ξέρξης
973 1927 1119 2015 πνθόμε·

120 2052 179 2104 νος
200 2032 303 2093 ταῦτα
320 2027 450 2094 ἐκεῖνον
465 2026 657 2112 πρήσσοντα
678 2028 808 2110 πέμψας
828 2021 880 2092 ἐπ’
897 2022 1011 2092 αὐτόν
1031 2045 1122 2111 στρα-

120 2121 196 2209 τιήν
216 2125 253 2189 ἐν
274 2129 314 2211 τή
341 2119 408 2212 ὁδῷ
429 2128 614 2190 κατέκτεινε
636 2120 742 2189 αὐτόν
760 2147 796 2189 τε
819 2124 949 2189 ἐκεῖνον
972 2128 1034 2193 καὶ
1056 2120 1127 2201 τοὺς

121 2224 240 2298 παῖδας
255 2217 361 2286 αὐτοῦ
376 2224 431 2288 καὶ
444 2218 507 2307 τήν
521 2218 679 2306 στρατιήν
693 2216 754 2305 τήν
769 2222 909 2286 ἐκείνου.

208 2314 301 2382 Κατά
318 2320 381 2402 μὲν
394 2315 455 2384 τόν
471 2323 576 2402 ἔρωτα
590 2315 651 2384 τόν
661 2320 789 2403 Ξέρξεω
804 2314 934 2384 καὶτὸν
944 2325 1129 2389 Μασίστεω

59 2427 105 2483 114
120 2416 273 2484 θάνατον
287 2421 432 2482 τοσαῦτα
449 2419 595 2502 ἐγένετο,
618 2421 652 2483 ολ
665 2415 701 2483 δὲ
717 2417 753 2482 έκ
767 2413 934 2500 Μνκάλης
956 2412 1128 2504 ὁρμηθέν-

120 2538 173 2590 τες
184 2510 342 2597 Ἕλληνες
357 2510 409 2580 ἐπ’
425 2511 671 2599 Ἑλλησπόντου
684 2519 818 2599 πρῶτον
832 2514 894 2598 μὲν
907 2516 988 2599 περὶ
1001 2511 1132 2585 Λεκτόν

122 2608 264 2695 όόρμεον,
280 2605 347 2675 ὑπό
364 2606 497 2695 ἀνέμων
513 2608 801 2697 ἀπολαμφθέντες,
817 2612 983 2677 ἐνθεῦτεν
1000 2611 1041 2680 δὲ
1055 2609 1130 2682 ἀπί-

122 2731 221 2776 κοντο
236 2704 438 2793 έςἍβνδον,
455 2709 510 2775 καὶ
526 2705 584 2785 τάς
598 2704 747 2792 γεφύρας
762 2699 864 2792 εὗρον
875 2710 1129 2794 διαλελυμένας,

122 2803 181 2884 τὰς
196 2805 332 2895 ἐδόκεον
352 2803 507 2892 εὑρήσειν
527 2811 575 2872 ἔτι
589 2808 821 2890 ἐντεταμένας,
843 2804 898 2871 καὶ
918 2802 1058 2872 τούτων
1072 2802 1130 2875 οδε

121 2903 239 2991 ἥκιστα
255 2906 383 2972 εἵνεκεν
400 2907 432 2982 ἐς
447 2902 506 2971 τόν
515 2900 760 2989 Ἑλλήσποντον
774 2898 943 2969 ἀπίκοντο.
966 2915 1059 2972 τοῖσι
1073 2905 1131 2990 μέν

123 3027 188 3069 νυν
202 2999 287 3088 ἀμφὶ
301 3007 508 3087 Λευτυχίδην
518 3007 819 3086 Πελοποννησίοισι
830 3002 923 3078 ἔδοξε
933 2996 1131 3072 ἀποπλόου

123 3103 156 3178 ές
170 3097 396 3186 τὴνἙλλάδα,
415 3098 621 3186 Ἀθηναίοισι
636 3100 673 3166 δὲ
687 3101 741 3166 καὶ
758 3103 944 3187 Ξανθίππῳ
959 3105 1009 3190 τῷ
1030 3120 1131 3188 στρα-

122 3202 211 3284 τηγῷ
231 3194 336 3264 αὐτοῦ
356 3194 601 3283 ὑπομείναντας
624 3203 805 3280 πειρᾶσθαι
825 3201 883 3278 τῆς
896 3198 1129 3286 Χερσονήσου.

44 3307 46 3312 ’
124 3297 169 3363 Ol
181 3294 243 3380 μέν
261 3292 300 3379 δή
319 3292 512 3379 ἀπέπλωον,
532 3290 705 3380 Ἀθηναῖοι
718 3292 754 3360 δὲ
769 3295 805 3360 έκ
818 3298 875 3377 τῆς
892 3287 1044 3379 Ἀβόδου
1059 3302 1130 3365 δια-

56 3404 107 3462 116
122 3391 242 3477 βάντες
256 3394 288 3470 ές
307 3389 369 3478 τήν
387 3391 603 3478 Χερσόνησον
617 3388 752 3477 Σηστόν
767 3387 987 3475 ἐπολιόρκεον
1027 3389 1082 3473 Ἐς
1097 3397 1131 3460 δε
