2378 3840
131 143 197 209 330
506 149 759 207 HERODOTI

133 306 310 394 παρέλαβε,
327 303 410 373 αύτά
422 313 526 374 ταῦτα
536 303 712 374 ὑπονοέων
725 303 787 393 την
801 307 960 396 στρατιὴν
973 307 1042 397 την
1057 330 1147 397 avu-

132 401 248 488 μάχων
264 400 398 470 άπασαν
413 399 519 488 ἀπῆκε
533 405 589 470 καὶ
602 406 754 481 ἐκείνους
765 402 901 491 άγαγάν
913 409 947 485 ές
957 407 1146 492 Κόρινθον

132 503 314 588 διέφθειρε.

81 611 119 666 89
221 605 333 667 Ταῦτα
347 599 409 686 μὲν
428 596 469 666 τά
486 602 524 667 έν
537 605 721 688 Πλαταιῇσι
742 601 797 667 καὶ
812 598 942 690 Θήβησι
957 599 1144 688 γενόμενα,

128 696 323 785 Ἀρτάβαζος
343 697 380 765 δέ
400 695 418 766 ὁ
435 698 631 784 Φαρνάκεος
651 697 790 784 φεύγων
810 700 847 765 έκ
864 702 1070 767 Πλαταιέων
1091 702 1144 767 καί

131 796 171 885 δὴ
188 797 303 885 πρόσω
319 799 454 883 ἐγίνετο.
478 795 685 885 ἀπικόμενον
699 800 807 884 θέμιν
824 802 858 866 οί
867 799 1036 867 Θεσσαλοὶ
1052 796 1143 881 παρά

129 897 235 980 σφέας
258 895 315 962 έπί
333 920 369 962 τε
390 900 494 975 ξείνια
518 896 657 964 ἐκάλεον
676 896 732 964 καὶ
757 893 959 983 άνειρύτεον
981 897 1065 982 περὶ
1089 901 1142 982 τῆς

131 996 284 1077 στρατιῆς
298 998 357 1077 τῆς
371 989 488 1081 άλλης,
511 991 613 1062 οὐδὲν
627 993 839 1080 ἐπιστάμενοι
853 999 921 1061 τάν
935 995 975 1061 έν
988 1000 1142 1062 Πλαται·

130 1096 185 1178 ᾗσι
200 1091 402 1174 γενομένων.
425 1086 444 1158 ὁ
461 1091 497 1159 δὲ
508 1089 704 1178 Ἀρτάβαζος
718 1091 832 1177 γνούς,
850 1088 901 1158 ὅτι
913 1096 943 1158 εί
953 1093 1073 1160 έθέλει
1084 1110 1141 1178 σφι

130 1192 243 1253 πάσαν
257 1181 320 1270 τὴν
334 1181 498 1271 άλήθειαν
514 1193 582 1254 τῶν
597 1184 741 1272 άγόνων
755 1191 876 1273 είπελν,
895 1183 997 1266 αύτός
1011 1214 1054 1256 τε
1069 1215 1140 1257 κιν-

130 1282 288 1351 δυνεύσει
304 1281 490 1362 ἀπολέσθαι
503 1287 559 1354 καί
572 1282 590 1353 ὁ
602 1281 673 1372 μετ’
690 1282 796 1352 αὐτοῦ
808 1283 948 1371 στρατός
962 1286 1139 1373 ’έπιθήσε

128 1391 211 1448 σθαι
225 1379 290 1466 γάρ
307 1385 340 1448 οἱ
352 1380 462 1449 πάντα
471 1379 548 1451 τινὰ
562 1390 649 1450 ολετο
664 1381 929 1467 πυνθανόμενον
937 1378 980 1449 τά
994 1385 1140 1470 γεγονό-

129 1496 197 1564 τα·,
212 1484 317 1546 ταῦτα
331 1479 581 1568 ἐκλογιζόμενος
595 1479 673 1548 ούτε
683 1479 768 1568 πρὸς
777 1478 857 1560 τούς
867 1485 1007 1561 Φωκέας
1023 1485 1140 1570 ἐξηγό-

130 1603 209 1661 ρευε
223 1573 340 1662 οὐδὲν,
364 1577 448 1664 πρός
462 1602 498 1645 τε
517 1574 596 1656 τούς
610 1575 801 1656 Θεσσαλούς
821 1584 913 1666 ,έλεγε
928 1581 1030 1650 τάδε·
1060 1582 1138 1670 Ἰθγά

128 1677 208 1761 μὲν,
232 1665 395 1760 ύάνδρες
411 1672 592 1764 Θεσσαλοί,
615 1673 660 1755 ὡς
673 1671 791 1764 ὁρᾶτε,
812 1678 989 1765 ἐπείγομαί
999 1707 1042 1750 τε
1059 1680 1138 1751 κατά

128 1769 191 1859 τὴν
211 1777 366 1858 ταχίστην
378 1769 481 1839 ἐλέων
495 1773 684 1861 ε’ςΘρηίκην
704 1775 758 1842 καί
779 1773 932 1863 σπονδὴν
948 1784 1034 1866 ἔχω,
1058 1805 1131 1867 πεμ·

128 1871 228 1956 φθεὶς
242 1868 326 1936 κατά
345 1894 377 1936 τι
396 1875 532 1956 πρῆγμα
546 1872 583 1937 ἐκ
599 1877 661 1939 τοῦ
676 1875 902 1954 στρατοπέδου
915 1873 1002 1959 μετά
1022 1881 1132 1946 τῶνδε

127 1963 229 2045 αὐτὸς
240 1968 277 2035 δέ
285 1964 571 2055 ὑμῖνΜαρδόνιος
581 1965 663 2037 καὶὸ
675 1967 814 2057 στρατός
824 1967 931 2038 αὐτοῦ
942 1964 1049 2053 οὗτος
1058 1971 1131 2042 κατά

127 2062 233 2141 πόδας
247 2065 326 2149 έμεῦ
345 2063 499 2133 ἐλαύνων
512 2066 739 2153 προσδόκιμός
755 2071 833 2135 έοτι.
862 2075 986 2137 τοῦτον
1001 2076 1063 2143 καὶ
1076 2078 1138 2155 ξει-

128 2167 231 2243 νίζετε
249 2163 305 2230 καλ
320 2155 361 2230 εὖ
376 2169 551 2242 ποιεῦντες
568 2170 741 2250 φαίνεσθε.
772 2162 814 2233 ού
829 2163 893 2251 γάρ
909 2164 995 2252 ὑμῖν
1010 2171 1047 2249 ές
1061 2171 1137 2258 χρό-

129 2288 191 2329 νον
212 2268 316 2328 ταῦτα
336 2267 470 2328 ποιεῦσι
489 2262 716 2348 μεταμελήσει.
758 2269 870 2330 Ταῦτα
887 2265 923 2332 δέ
939 2274 1041 2347 είπας
1055 2266 1138 2356 άπη-

127 2369 231 2429 λαννε
243 2362 375 2446 σπονδῇ
388 2355 451 2444 τὴν
461 2355 620 2445 στρατιὴν
636 2356 691 2427 διά
702 2366 885 2446 Θεσσαλίης
898 2387 934 2428 τε
948 2367 1007 2432 καὶ
1020 2373 1139 2433 Μακε-

126 2463 241 2544 δονίης
261 2453 323 2525 ίθύ
344 2463 402 2542 τῆς
422 2459 583 2545 Θρηίκης,
610 2455 655 2536 ὡς
675 2455 828 2544 άληθέως
848 2458 1071 2546 ἐπειγόμενος
1088 2466 1138 2532 καλ

126 2557 188 2646 τὴν
202 2554 385 2643 μεσόγαιαν
399 2554 537 2643 τάμνων
549 2563 607 2642 τῆς
622 2554 715 2624 ὁδοῦ.
739 2558 794 2625 καὶ
808 2554 1004 2628 ἀπικνέεται
1021 2564 1057 2641 ές
1072 2571 1141 2632 Βν-

127 2655 261 2736 ζάντιον
271 2650 463 2722 καταλιπων
474 2661 536 2721 τοῦ
543 2659 687 2739 στρατοῦ
697 2660 759 2721 τοῦ
770 2656 898 2722 ἑωυτοῦ
908 2656 1063 2741 συχνούς
1074 2658 1139 2727 ὑπὸ

127 2758 284 2838 Θρηίκων
294 2775 330 2817 τε
344 2751 590 2829 κατακοπέντας
603 2747 678 2817 κατ’
691 2746 774 2818 ὁδόν
785 2753 838 2818 καλ
849 2758 936 2840 λιμῷ
947 2757 1141 2836 συστάντας

127 2853 182 2920 καλ
196 2850 349 2940 καμάτῳ·
372 2851 409 2918 ἐκ
423 2854 610 2930 Βυζαντίον
625 2847 662 2915 δὲ
677 2851 769 2935 διέβη
784 2855 938 2918 πλοίοισι.

75 2971 112 3024 90
215 2939 324 3028 Οὗτος
336 2950 399 3033 μὲν
414 2944 503 3014 ούτω
524 2943 730 3032 ἀπενόστησε
746 2948 779 3025 ἐς
792 2945 854 3033 τὴν
871 2945 1005 3037 Ἀσίην,
1029 2958 1090 3038 τῆς
1108 2951 1141 3020 δέ

126 3046 229 3134 αὐτῆς
241 3044 366 3133 ἡμέρης
391 3049 519 3131 τῆσπερ
548 3047 585 3112 έν
598 3052 784 3135 Πλαταιῇσι
803 3043 840 3114 τό
855 3052 972 3133 τρῶμα
992 3051 1140 3139 ἐγένετο,

125 3143 336 3230 συνεκύρησε
358 3144 517 3229 γενέσθαι
537 3145 593 3211 καὶ
607 3145 645 3211 έν
661 3144 811 3233 Μυκάλη
830 3151 888 3230 τῆς
904 3141 1045 3234 Ἰωνίης.
1056 3154 1143 3220 ἐπει

125 3240 168 3325 δὴ
187 3238 252 3326 γάρ
265 3242 303 3307 ἐν
315 3247 356 3329 τῇ
366 3239 470 3330 Δήλῳ
485 3240 624 3308 κατέατο
639 3239 835 3327 οίἝλληνες
849 3244 884 3308 οί
892 3242 930 3308 έν
945 3249 1026 3329 τῇσι
1039 3249 1141 3335 νηυσί

125 3337 195 3424 ἅμα
205 3342 392 3425 Λευτυχίδῃ
402 3343 448 3427 τῷ
458 3343 711 3431 Λακεδαιμονίῳ
722 3337 932 3425 ἀπικόμενοι,
947 3333 1069 3420 ἦλθόν
1083 3366 1143 3431 σφι
