2378 3840
106 184 149 247 94
481 187 735 244 HERO'DOTI

107 342 265 432 στρατιήν
287 343 394 431 ἀπῆκε
411 342 545 412 ἀπιέναι
566 349 599 424 ἐς
612 343 793 430 Σπάρτην,
817 352 943 429 χιλίους
963 345 999 412 δέ
1015 344 1117 426 αὐτὸς

107 442 221 533 λαβών
232 442 311 522 τούς
322 441 474 531 ἀριστέας
487 443 539 533 ῆιε
554 449 587 524 ἐς
598 444 635 513 τὸ
646 442 784 528 Ἡραῖον
795 444 925 512 θύσων.
948 447 1116 532 βουλόμε-

106 572 170 613 νον
186 545 222 613 δὲ
237 541 342 612 αύτόυ
355 545 458 612 θύειν
479 545 532 611 ἐπὶ
549 551 610 612 τού
626 548 744 630 βωμοῦ
765 539 782 610 ὁ
804 541 897 627 ίρεύς
914 542 1115 631 ἀπηγόρευε,

109 641 175 729 φάς
186 641 249 711 ούκ
264 641 359 709 ὅσιον
371 640 455 709 εἶναι
468 644 564 733 ξείνω
575 640 698 710 αύτόθι
709 639 821 708 θύειν.
845 639 862 707 ὁ
878 642 914 708 δὲ
924 646 1117 728 Κλεομένης

108 741 167 811 τὸυ
179 746 251 829 ίρέα
263 744 392 809 ἐκέλευε
402 739 482 819 τούς
492 745 629 819 εἵλωτας
639 736 704 806 ἀπὸ
717 745 778 807 τού
789 745 906 826 βωμοῦ
919 736 1108 826 ἀπαγαγόν

109 865 165 917 τας
179 846 400 925 μαστιγῶσαι,
416 841 471 908 καί
482 836 583 918 αύτδς
595 844 715 906 ἔθυσε·
736 837 878 923 ποιήσας
889 839 1038 904 δὲταῦτα
1050 836 1116 903 άπ-

64 947 100 1001 82
108 935 160 1024 ήιε
171 938 203 1014 ἐς
213 933 276 1021 τῆν
282 936 454 1024 Σπάρτην.
468 938 688 1023 Νοστήσαντοι
700 938 738 1002 δέ
746 962 805 1021 μιν
814 931 946 1021 ὑπῆγον
957 940 991 1002 οί
1000 937 1115 1021 ἐχθροὶ

107 1032 174 1103 ύπδ
186 1031 265 1112 τούς
277 1034 432 1120 ἐφόρους,
440 1036 589 1122 φάμενοί
595 1060 654 1120 μιν
664 1030 942 1118 δωροδοκήσαντα
954 1029 1016 1099 ούκ
1028 1035 1115 1099 ἑλεῖν

107 1137 143 1205 τό
157 1135 293 1221 Ἄργος,
315 1133 440 1219 παρεόν
463 1133 624 1213 εὐπετέως
640 1161 698 1220 μιν
714 1138 809 1201 ἑλεῖν.
839 1131 856 1203 ὁ
880 1136 919 1201 δέ
932 1153 992 1218 σφι
1015 1137 1110 1216 ἔλεξε.

108 1233 184 1301 ούτε
201 1239 231 1300 εί
241 1232 447 1319 ψευδόμενος
458 1232 535 1300 οὔτε
548 1239 578 1302 εί
586 1230 715 1318 ἀληθέα
726 1236 849 1318 λέγων,
865 1238 927 1317 ἐγω
939 1236 1113 1318 σαφηνέως

110 1333 214 1416 εἶπαι,
233 1336 320 1414 ἔλεξε
341 1331 373 1400 δ’
396 1326 445 1400 ὦν
467 1333 632 1418 φάμενος,
667 1334 774 1400 ἐπείτε
798 1329 837 1418 δή
858 1330 895 1398 τό
916 1338 976 1399 τού
991 1330 1112 1416 ’Ἁργου

108 1429 184 1516 ίρόν
196 1426 271 1514 εἷλε,
280 1433 410 1498 δοκέειν
420 1435 454 1499 οί
462 1432 697 1516 ἐξεληλυθέναι
706 1427 768 1496 τόν
777 1428 926 1516 χρησμόν
938 1436 999 1496 τοῦ
1009 1435 1097 1496 θεοῦ

109 1528 192 1614 πρὸς
208 1522 256 1596 ἀν
272 1536 376 1598 ταῦτα
392 1528 434 1597 ού
450 1535 605 1598 δικαιοῦν
619 1536 741 1615 πειρᾶν
755 1535 812 1616 τῆς
825 1530 957 1614 πόλιος,
981 1536 1063 1613 πρίν
1076 1554 1112 1614 γε

109 1626 149 1715 δῆ
173 1632 274 1714 ίροϊσι
289 1627 447 1714 χρήσηται
464 1629 520 1695 καὶ
541 1625 652 1716 μάθη,
675 1636 739 1696 είτε
753 1631 787 1694 οί
805 1624 823 1695 ὁ
840 1625 922 1706 θεὸς
935 1631 1113 1712 παραδιδολ

111 1735 175 1792 είτε
190 1728 223 1791 οί
237 1721 393 1810 ἐμποδῶν
411 1729 543 1812 ἕστηκε·
566 1729 813 1816 καλλιρευμένηι
830 1725 867 1793 δὲ
882 1728 919 1793 ἐν
933 1731 978 1814 τῷ
988 1722 1113 1814 Ἡραίῳ

109 1825 144 1890 ἐκ
159 1829 219 1890 τοῦ
234 1819 421 1908 ἀγάλματος
435 1829 503 1890 τῶν
518 1825 671 1908 στηθέων
686 1822 796 1908 φλόγα
812 1819 919 1905 πυρός
935 1821 1113 1907 ἐκλάμψαι,

108 1932 230 2005 μαθεῖν
248 1924 284 1987 δὲ
298 1919 398 1999 αὐτὸς
415 1918 504 1993 οὕτω
518 1920 581 2006 τῆν
599 1915 788 2007 ἀτρέκειαν,
811 1919 864 1987 ότι
879 1916 941 1987 ούκ
956 1920 1059 2004 αίρέει
1075 1919 1113 1983 τό

105 2017 241 2103 Ἄργος·
265 2024 295 2086 εί
307 2019 369 2103 μὲν
389 2017 454 2105 γάρ
475 2023 512 2086 ἐκ
533 2027 598 2103 τῆς,
611 2025 756 2104 κεφαλῆς
776 2024 836 2086 τού
856 2015 1046 2103 ἀγάλματος
1062 2018 1114 2093 ἐξ·

109 2119 377 2200 ε’λαμψε,·αίρέειν
388 2113 433 2182 ἀυ
442 2114 515 2182 κατ’
524 2115 628 2202 άκρης
640 2114 702 2202 τῆυ
713 2116 824 2201 πόλιν,
832 2119 869 2182 ἐκ
880 2123 947 2182 τῶν
958 2116 1114 2200 στηθέων

109 2214 145 2280 δὲ
159 2211 351 2299 λάμψαντος
364 2221 433 2281 πᾶν
448 2218 481 2281 οί
493 2223 713 2301 πεποιῆσθαι,
729 2214 811 2283 ὅσον
824 2213 843 2281 ὁ
858 2212 940 2292 θεὸς
954 2213 1112 2300 ἐβούλετο

108 2312 276 2398 γενέσθαι.
310 2320 413 2378 ταῦτα
428 2314 465 2379 δὲ
484 2316 592 2399 λέγων
613 2314 713 2382 πιστά
732 2339 768 2381 τε
788 2316 841 2380 καὶ
865 2309 977 2380 οίκότοι
1000 2310 1113 2377 ἐδόκεε

109 2407 336 2496 Σπαρτιήτῃσι
352 2412 478 2496 λέγειν,
493 2414 548 2479 καλ
565 2410 717 2498 ἀπέφυγε
734 2410 860 2480 πολλόυ
874 2407 953 2488 τούς
968 2408 1112 2476 διάκον-

65 2525 97 2578 83
107 2536 173 2588 τας.
217 2507 336 2595 ’Ἁργος
350 2512 385 2578 δὲ
401 2509 537 2594 ἀνδρῶν
553 2510 707 2598 ἐχηριύθη
725 2509 831 2594 οὕτω,
850 2507 933 2576 ύστε
948 2513 982 2576 ολ
995 2511 1113 2575 δοῦλοι

108 2606 220 2676 αύτῶν
231 2615 327 2696 ἔσχον
338 2612 447 2678 πάντα
458 2610 498 2679 τά
508 2611 684 2698 πρήγματα
696 2610 852 2697 ἀρχοντές
862 2635 897 2677 τε
908 2612 963 2677 καὶ
970 2613 1112 2676 διέπον-

108 2733 177 2791 τες,
200 2712 233 2787 ἐς
247 2706 266 2774 δ
282 2706 453 2795 ἐπήβησαν
468 2715 503 2778 οί
514 2717 580 2780 τῶν
595 2708 813 2796 ἀπολομένων
831 2713 953 2786 παῖδες.
984 2696 1112 2775 ἐπειτέυ

108 2829 213 2892 σφεας
228 2799 321 2874 οὗτοι
342 2799 576 2892 ἀνακτεύμενοι
593 2807 698 2877 ὀπίσω
722 2811 754 2886 ἐς
775 2805 921 2884 ἑωυτούς
939 2833 976 2876 το
992 2804 1113 2891 ’Ἇργος

108 2912 279 2994 ἐξέβαλον·
295 2905 519 2992 ἐξωθεύμενοι
530 2909 607 2974 δὲοί
615 2913 730 2976 δοῦλοι
741 2907 828 2994 μάχη
840 2911 936 2991 ἔσχον
947 2910 1110 2988 Τίρυνθα.

107 3011 188 3084 τέως
202 3005 264 3089 μὲν
279 3003 321 3091 δή
341 3024 402 3089 σφι
419 2997 463 3091 ῆν
476 3002 604 3090 ἄρθμια
619 3007 653 3082 ἐς
672 3001 853 3089 ἀλλήλους,
873 3008 1005 3069 ἔπειτεν
1023 3002 1060 3068 δὲ
1080 3002 1111 3076 ἐς

107 3101 184 3180 τούς
202 3102 346 3181 δούλους
358 3095 444 3190 ῆλθε
464 3099 550 3188 ἀνήρ
571 3102 688 3188 μάντις
702 3104 911 3186 Κλέανδρος,
931 3107 1031 3184 γένος
1047 3093 1110 3164 ἐόν

105 3197 272 3284 Φιγαλεύς
286 3196 346 3267 ἀπ’
363 3197 550 3286 Ἀρκαδίης·
574 3191 672 3277 οὗτος
687 3196 765 3277 τούς
781 3201 925 3275 δούλους
939 3192 1109 3282 ἀνέγνωσε

104 3298 283 3365 ἐπιθέσθαι
297 3311 382 3366 τοῖσι
396 3299 582 3384 δεσπότῃσι.
606 3299 642 3364 ἐκ
653 3297 776 3364 τούτου
788 3299 823 3363 δὲ
835 3293 981 3379 πόλεμός
991 3314 1054 3378 σφι
1069 3284 1108 3376 ῆν

104 3398 156 3462 ἐπὶ
165 3397 290 3480 χρόνον
302 3393 438 3480 συχνόν,
447 3398 480 3472 ἐς
491 3393 510 3462 δ
517 3393 557 3480 δῆ
566 3395 662 3479 μόγις
673 3399 707 3462 οί
716 3393 855 3478 Ἀργεῖοι
868 3392 1105 3478 ἐπεκράτησαν.
