2378 3840
326 201 412 257 LIB.
443 203 515 260 vul.
549 204 649 262 cAP.
681 208 806 266 6—-11.
1003 203 1065 267 229

63 383 123 444 μιν
138 354 318 425 ἀπικέσθαι
329 360 382 428 έπλ
392 355 429 426 τό
441 356 654 448 Ἀρτεμίσιον.
679 359 724 441 ὥς
737 365 774 431 δὲ
784 360 931 452 ἀπίκετο,
947 363 1065 436 αὐτίκα

10 488 16 501 ·
63 455 207 543 ἐσήμηνε
219 468 304 524 τοῖσι
322 471 533 545 στρατηγοῖσι
548 459 610 546 τήν
628 484 665 527 τε
678 466 845 549 ναυηγίην
864 458 909 542 ὥς
922 465 1064 549 γένοιτο,

10 614 17 625 ,
62 555 117 621 καλ
130 551 189 632 τάς
203 561 491 642 περιπεμφθείσας
500 563 569 624 τῶν
582 563 671 626 νεῶν
680 562 756 648 περὶ
770 558 930 648 Εὔβοιαν.
955 569 1062 631 Τοῦτο
1077 584 1095 639 9

10 686 17 723 t
62 653 98 721 δέ
109 649 315 733 ἀκούσαντες
324 653 521 742 οίἝλληνες
533 656 637 742 λόγον
648 666 742 745 σφίσι
754 655 884 729 αάτολσι
897 663 1061 730 ἐδίδοσαν.

60 757 195 819 πολλῶν
211 750 248 818 δέ
268 753 458 837 λεηθέντοιν
478 755 572 823 ένίκα
586 753 650 842 τήν
669 750 798 844 ήμέρην
812 758 945 845 ἐκείνην
958 754 1064 826 αὐτοῦ

61 848 240 936 μείναντάς
255 875 291 918 τε
305 852 361 919 καί
375 848 614 942 αὐλισθέντας,
634 857 824 940 μετέπειτεν
838 855 945 924 νύκτα
958 857 1064 943 μέσην

60 952 226 1035 παρέντας
239 949 447 1037 πορεύεσθαι
461 954 517 1020 καλ
536 948 690 1019 ἀπαντᾶν
705 959 780 1041 τῇσι
791 953 1063 1042 περιπλοιοόσησι

12 1062 18 1071 “
59 1053 128 1115 τῶν
141 1055 238 1117 νεῶν.
259 1046 342 1135 μετά
354 1049 390 1118 δέ
400 1054 509 1136 τοῦτο,
526 1048 570 1129 ὡς
584 1047 693 1128 οὐδείς
704 1069 765 1136 σφι
776 1051 934 1138 έπέπλοιε,
949 1053 1063 1137 δείλην

59 1143 162 1231 όιίίην
181 1150 364 1234 γινομένην
383 1153 442 1233 τῆς
459 1144 584 1236 ἡμέρης
599 1145 808 1234 φυλάξαντες
827 1143 924 1215 αὐτοὶ
943 1150 1063 1217 έπανέ-

59 1252 174 1312 πλοιον
188 1247 241 1312 έπλ
257 1241 336 1326 τούς
356 1246 564 1334 βαρβάρους,
585 1243 773 1334 ἀπόπειραν
787 1243 900 1314 αὐτῶν
919 1245 1062 1333 ποιήσα-

10 1382 16 1417 :
59 1342 140 1411 σθαι
149 1341 351 1431 βουλόμενοι
361 1350 465 1432 τῆς-τε
474 1345 580 1432 μάχης
589 1348 714 1414 καὶτοῦ
723 1343 913 1413 διεκπλόου.
924 1343 1061 1432 Ὀρέον-
1075 1371 1109 1426 lo

57 1468 111 1521 τες
131 1444 171 1511 δέ
188 1461 292 1527 σφεας
313 1444 349 1510 ολ
366 1467 402 1511 τε
421 1440 516 1513 ἄλλοι
536 1451 732 1530 στρατιῶται
754 1448 789 1512 ολ
807 1446 934 1531 Ξέρξεω
954 1444 1065 1512 καλοί

10 1562 17 1621 ,·
58 1544 235 1628 στρατηγοί
245 1541 473 1622 έπιπλόοντας
483 1546 583 1629 νηυσί
593 1539 733 1634 ἀλίγησι,
744 1542 856 1630 πάγγυ
866 1560 927 1628 σφι
938 1546 1062 1629 μανίην

60 1639 419 1729 έπενείκαντεςάνήγον
427 1636 650 1721 καλαάτοίτάς
660 1643 747 1727 νέας,
756 1640 947 1720 ἐλπίσαντές
956 1658 1062 1726 σφεας

10 1787 14 1817 ,f
59 1728 393 1827 ε’ἀπετέωςαίρήσειν,
411 1737 526 1807 οἰκότα
540 1738 856 1826 κάρταέλπίσαντες.
880 1737 939 1817 τάς
949 1742 1012 1826 μέν
1023 1762 1061 1824 γε

10 1884 15 1921 3
57 1845 126 1905 τῶν
134 1835 303 1926 Ἑλλήνων
314 1835 466 1925 ὁρέοντες
476 1833 590 1924 όλίγοις
603 1839 696 1924 νέας,
710 1834 770 1916 τάς
780 1837 816 1905 θλ
828 1839 961 1905 ἑαυτῶν
974 1834 1061 1923 πλή-

10 1986 13 2003 ,
57 1941 118 2005 θεΐ
128 1962 163 2004 τε
179 1942 426 2025 πολλαπλησίας
439 1938 496 2005 καί
515 1933 655 2022 ἀμεινον
675 1933 869 2024 πλοιοόσας,
890 1958 1059 2022 καταφρο-

58 2034 218 2122 νήσαντες
234 2040 338 2104 ταῦτα
358 2035 563 2105 ἐκυκλοῦντο
578 2029 701 2114 αάτοάς
721 2035 755 2113 ές
768 2037 879 2120 μέσον.
909 2030 984 2100 ὅσοι
999 2031 1060 2118 μέν

10 2186 12 2193 .
57 2136 206 2199 ναυτῶν
221 2128 344 2200 Ἰόνιον
357 2125 446 2222 ἦσαν
460 2128 574 2209 εὔνοοι
588 2145 674 2200 τοῖσι
681 2128 833 2220 Ἕλλησι,
857 2127 1010 2208 ἀέκοντές
1025 2154 1060 2197 τε

57 2230 312 2319 ἐστρατεύοντο,
330 2232 512 2320 συμφορήν
524 2255 561 2301 τε
574 2233 747 2300 ἐποιεῦντο
761 2229 928 2318 μεγάλην,
942 2226 1060 2314 ὁρέον-

56 2354 109 2407 τες
124 2330 379 2416 περιεχομένους
390 2327 514 2409 αάτοάς
525 2331 580 2398 καί
591 2327 803 2416 έπιστάμενοι
817 2325 862 2407 ὡς
871 2325 983 2408 οὐδεὶς
996 2325 1059 2396 αά-

56 2433 124 2495 τῶν
140 2424 378 2515 ἀπονοστήσει·
406 2426 495 2497 οὕτω
510 2425 657 2497 ἀσθενέα
669 2445 730 2513 σφι
748 2429 903 2513 ἐφαίνετο
920 2425 1006 2496 εἶναι
1019 2423 1060 2494 τά

56 2532 125 2593 τῶν
134 2523 305 2614 Ἑλλήνων
318 2526 504 2615 πρήγματα.
525 2523 634 2595 ὅσοισι
648 2527 684 2594 δὲ
698 2527 754 2593 καί
762 2521 954 2612 ἡδομένοισι
968 2517 1059 2611 ἦντὸ

56 2619 248 2708 γινόμενον,
260 2619 405 2708 ἀμιλλαν
415 2624 599 2708 έποιεῦντο,
614 2619 701 2701 ὅκοος
710 2616 811 2700 αὐτὸς
821 2623 958 2701 ἕκαστος
968 2627 1061 2710 πρῶ-

55 2746 112 2800 τος
132 2722 192 2788 νέα
214 2716 365 2808 ’Λττικήν
386 2719 472 2792 ἑλόν
492 2727 584 2810 δῶρα
603 2718 694 2808 παρά
713 2724 866 2809 βασιλέος
885 2723 1058 2811 λάμρεται.

51 2818 243 2907 Ἀθηναίων
257 2815 324 2906 γάρ
338 2815 468 2890 αάτοίσι
482 2820 582 2908 λόγος
594 2813 640 2906 ’ήν
654 2826 806 2900 πλεῖστος
822 2816 888 2888 ἀνά
902 2818 943 2888 τά
958 2839 1060 2907 στρα-

53 2919 187 2986 τόπεδα.
214 2924 307 2987 Τοίσι
322 2916 359 2986 δέ
371 2915 506 3007 Ἕλλησι
521 2917 566 3000 ὡς
580 2918 739 3008 ἐσήμηνε,
761 2927 876 3008 πρῶτα
890 2919 953 3007 μέν
965 2915 1058 2987 ἀντί·
1073 2936 1108 2990 11

53 3040 183 3107 πρμροι
195 3026 280 3084 τοῖσι
290 3016 491 3104 βαρβάροισι
503 3017 677 3106 γενόμενοι
691 3020 726 3098 ές
738 3016 775 3086 τό
787 3020 891 3106 μέσον
900 3015 959 3096 τάς
969 3015 1059 3102 πρό·

52 3137 140 3200 μνας
155 3112 359 3202 συνήγαγον,
378 3116 518 3203 δεύτερα
534 3118 571 3186 δὲ
580 3119 791 3206 σημήναντος
802 3124 904 3205 ἔργον
918 3126 1056 3204 εἴχοντο,

52 3209 92 3278 ἑν
107 3205 208 3300 ὀλίγῳ
225 3234 288 3299 περ
306 3207 584 3302 ἀπολαμφθέντες
596 3219 652 3284 καλ
666 3214 748 3284 κατὰ
765 3215 878 3302 στόμα.
907 3218 1057 3284 ἐνθαῦτα

52 3307 234 3396 τριήκοντα
247 3312 326 3390 νέας
338 3315 488 3401 αἱρέουσι
503 3319 572 3383 τῶν
584 3314 768 3403 βορβόρου
780 3314 835 3382 κοιλ
850 3308 910 3382 τόν
923 3311 1056 3400 Γόργον

52 3413 115 3474 τοῦ
129 3408 348 3494 Σαλαμινίον
363 3415 517 3498 βασιλέος
538 3409 706 3500 ἀδελφεόν
722 3409 874 3482 Φιλάονοι
893 3406 953 3479 τὸν
969 3416 1057 3499 Χέρ-
