2378 3840
65 197 110 262 98
445 198 697 257 HERODOTI

67 360 236 447 Σπάρτης.
260 357 349 426 οὕτω
359 354 493 441 άγαθδυ
504 356 588 442 μηδὲ
599 358 813 425 διανοέεσθαι
827 361 903 442 περὶ
916 357 1072 443 παραθήψ

68 485 129 544 κης
144 457 225 526 άλλο
238 482 278 542 γε
290 451 312 542 ή
323 451 552 525 ἀπαιτεόντων
563 449 772 521 άττοδιδόναι.
794 458 998 540 Λευτυχίδης
1012 455 1075 539 μὲν

70 565 164 634 είπας
183 561 303 639 ταῦτα,
325 550 369 630 ὥς
389 555 423 618 οἱ
441 547 520 618 οὐδὲ
543 546 632 617 οὕτω
654 549 819 637 ἐσήκουον
841 555 875 618 οί
889 547 1074 637 Ἀθηναῖοι,

33 664 53 720 ιλ
70 650 316 735 ἀπαλλάσσετο,
332 652 366 716 οί
379 648 415 715 δὲ
432 652 626 734 Αίγινήται,
642 649 723 734 πρίν
735 653 804 714 τάν
819 645 986 733 πρότερον
1000 645 1075 716 άδι-

69 749 227 838 κημάτωυ
244 752 364 816 δοῦναι
379 750 489 832 δίκας,
504 751 573 813 τῶν
586 746 620 824 ές
630 741 832 831 Ἀθηναίους
845 745 991 834 ὕβρισαν
1005 754 1076 830 Θη·

69 853 193 935 βαίοισι
204 845 423 933 χαριζόμενοι,
435 847 595 930 ἐποίησαν
604 841 753 910 τοιόνδε·
769 842 978 930 μεμφόμενοι
989 857 1074 911 τοῖσι

65 944 274 1032 Ἀθηναίοισι
284 947 340 1014 καί
351 941 520 1025 άξιεόντες
532 940 736 1030 ἀδικέεσθαι,
752 941 796 1021 ὡς
810 943 1076 1032 τιμωρησόμενοι

68 1045 156 1124 τούς·
165 1042 367 1130 Ἀθηναίους
385 1042 680 1125 παρεσκευάζοντο.
712 1044 766 1109 καί
786 1035 830 1128 ήυ
846 1039 912 1129 γάρ
931 1039 973 1128 δή
989 1055 1076 1109 τοῖσι

65 1141 272 1229 Ἀθηναίοισι
288 1137 477 1225 πεντετηρὶς
486 1139 540 1206 ε’πί
549 1146 702 1231 Σουνίῳ,
728 1142 926 1229 λοχήσαντες
946 1135 995 1210 όν
1013 1139 1075 1227 τήν

69 1244 219 1328 θεωρίδα
235 1245 294 1308 νέα
313 1236 402 1307 εἷλον
423 1239 550 1325 πλήρεα
567 1237 703 1325 ἀνδρῶν
723 1247 791 1307 τῶν
812 1241 956 1329 τεράτων
971 1238 1077 1327 Ἀθη-

33 1353 56 1407 ιθ
69 1345 192 1424 ναίων,
208 1338 368 1426 λαβόντες
385 1337 422 1406 δὲ
436 1334 515 1415 τοὺς
529 1333 655 1424 ἄνδρας
670 1336 802 1424 ἔδησαν.
847 1338 1021 1426 Ἀθηναῖοι
1039 1339 1076 1407 δὲ
1096 1359 1098 1363 ·

68 1437 237 1515 παθόντες
248 1442 351 1503 ταῦτα
358 1432 443 1520 πρός
449 1439 657 1521 Αἰγινητέων
669 1432 780 1503 οὐκέτι
791 1433 1017 1525 ἀνεβάλλοντο
1029 1436 1074 1524 μή

68 1535 110 1604 οὐ
124 1533 160 1602 τδ
173 1540 241 1602 πᾶν
250 1533 506 1621 μηχανήσασθαι
517 1529 570 1600 ἐπ’
583 1534 789 1622 Αἰγινήτῃσι.
812 1527 921 1623 καλήν
931 1534 997 1623 γάρ
1008 1545 1075 1605 Νι-

68 1632 233 1719 κόδρομος
246 1637 402 1698 Κνοίθου
418 1628 621 1717 καλεόμενος
635 1634 672 1698 ἐν
685 1639 725 1720 τῇ
741 1637 863 1722 Αἰγίνη
879 1632 965 1723 ιἰνήρ
981 1635 1077 1703 δόκι-

69 1755 147 1816 μος,
168 1720 267 1806 οὗτος
286 1727 500 1814 μεμφόμενος
516 1727 579 1816 μὲν
594 1743 679 1796 τοῖσι
695 1729 894 1819 Αἰγινήτῃσι
908 1734 1077 1819 προτέρην

70 1832 198 1899 ἑωυτοῦ
212 1828 361 1908 ἐξέλασιν
373 1829 410 1895 ἐκ
419 1833 477 1914 τής
486 1827 605 1915 νήσου,
617 1823 740 1914 μαθοδν
751 1827 788 1896 δέ
797 1828 872 1896 τότε
882 1827 961 1909 τοὺς
972 1825 1072 1914 Ἀθη-

68 1935 186 2007 ναίονς
197 1923 447 2018 ἀναρτημένους
463 1929 575 2012 ἕρδειν
588 1925 769 2013 Αἰγινήτας
779 1932 900 2014 κακῶς,
915 1933 1078 1996 συντίθε-

69 2054 123 2096 ται
134 2023 341 2110 Ἀθηναίοισι
351 2029 535 2112 προδοσίην
546 2029 695 2109 Αἰγίνης,
707 2023 839 2109 φράσας
850 2028 887 2094 έν
898 2032 938 2114 τή
949 2050 984 2093 τε
994 2022 1078 2113 ἡμέ-

71 2152 113 2212 ρη
131 2123 346 2210 ἐπιχειρήσει,
367 2124 423 2190 καί
443 2123 593 2201 ἐκείνους
609 2123 643 2200 ἐς
661 2119 724 2207 τήν
743 2119 839 2207 ήκειν
863 2122 973 2210 δεήσει
1003 2130 1076 2210 βω-

69 2225 219 2299 θέοντας,
235 2216 317 2305 μετά
324 2226 428 2286 ταῦτα
439 2219 686 2306 καταλαμβάνει
697 2220 759 2306 μὲν
770 2216 853 2287 κατά
862 2219 1075 2306 συνεθήκατο

68 2319 275 2405 Ἀθηναίοισι
291 2315 310 2384 ὁ
326 2315 539 2404 Νικόδρομος
553 2315 615 2403 τήν
629 2313 777 2403 παλαιὴν
789 2318 998 2403 καλεομένην
1012 2317 1076 2385 πό-

33 2427 56 2480 θ
71 2427 143 2504 λιν,
155 2414 328 2503 Ἀθηναῖοι
342 2417 378 2482 δὲ
394 2413 435 2482 οό
450 2425 691 2502 παραγίνονται
702 2418 735 2496 ές
746 2420 841 2485 δέον·
863 2413 905 2485 οὐ
921 2415 1076 2504 γάρέτυ-

43 2590 47 2602 1
69 2541 130 2602 χον
145 2517 260 2583 ἐοῦσαι
275 2517 346 2593 νέες
362 2532 423 2600 σφι
440 2510 612 2599 άξιόμαχοι
631 2519 706 2602 τῇσι
722 2519 930 2602 Αἰγινητέων
943 2523 1076 2601 συμβα-

70 2622 149 2681 λεῖν.
180 2615 217 2679 έν
232 2604 258 2703 ᾧ
274 2605 322 2680 άν
336 2618 534 2696 Κορινθίων
555 2613 687 2680 έδέοντο
703 2619 825 2699 χρῆσαί
842 2632 903 2698 σφι
923 2615 1018 2700 νέας,
1039 2615 1075 2680 έν

69 2710 177 2798 τούτῳ
190 2711 359 2797 διεφθάρη
370 2710 410 2778 τά
423 2709 608 2797 πρήγματα.
623 2716 656 2779 οί
666 2711 702 2779 δέ
709 2718 899 2799 Κορίνθιοι,
910 2704 999 2799 ήσαν
1011 2712 1075 2798 γάρ

70 2832 131 2894 οφι
148 2815 270 2875 τοῦτον
282 2805 343 2875 τόν
356 2807 483 2894 χρόνον
497 2813 589 2893 φίλοι
601 2810 634 2887 ές
648 2806 688 2875 τά
702 2808 853 2896 μάλιστα,
868 2805 1075 2897 Ἀθηναίοισι

69 2913 200 2976 διδοῦσι
213 2909 399 2993 δεομένοισι
410 2918 515 2976 εἰκοσι
522 2910 610 2994 νέας,
618 2911 749 2976 διδοῦσι
760 2910 796 2976 δὲ
802 2907 1076 2996 πενταδράχμους

75 3010 292 3096 ἰτοδόμενοι·
315 3014 459 3095 δωτίνην
476 3008 541 3098 γάρ
557 3012 595 3078 έν
610 3016 655 3101 τῷ
669 3008 761 3102 νόμω
776 3007 839 3078 οὐκ
854 3012 930 3096 ἐξῆν
946 3013 1073 3078 δοῦναι.

71 3111 191 3188 ταότας
207 3136 243 3177 τε
263 3107 304 3196 δή
326 3110 485 3197 λαβόντες
505 3114 539 3179 οἱ
554 3107 727 3196 Ἀθηναῖοι
748 3112 802 3179 καὶ
823 3107 882 3186 τάς
902 3112 1075 3196 σφετέρας,

67 3208 304 3294 πληρώσαντες
316 3209 543 3296 ἑβδομήκοντα
556 3211 634 3288 νέας
644 3204 704 3286 τὰς
715 3205 861 3293 ἁπάσας,
878 3213 1011 3277 ἔπλωον
1025 3209 1076 3276 έττί

70 3305 132 3392 τήν
147 3314 293 3392 Αἰγιυαν
308 3309 364 3375 καὶ
381 3309 565 3393 υστέρησαν
582 3306 688 3396 ἡμέρη
701 3313 760 3396 μιή
774 3313 832 3393 τῆς
846 3312 1076 3396 συγκειμένης.

33 3422 56 3474 ιο
70 3403 283 3491 Νικόδρομος
301 3406 354 3493 δέ,
378 3404 422 3486 ὡς
438 3413 472 3476 οί
480 3405 652 3494 Ἀθηναῖοι
665 3408 699 3486 ές
715 3403 776 3474 τόν
792 3402 913 3492 καιρδυ
933 3406 976 3475 οὐ
990 3433 1078 3490 παρ-
