2378 3840
349 198 434 256 λιε.
466 200 526 255 vn.
559 199 659 257 cAP.
694 209 798 260 1-5.
1017 198 1079 262 128

67 354 125 435 τὰς
140 355 206 443 μὲν
224 358 355 442 γένοιτο
371 364 490 447 Δαρεί
479 383 505 423 ω
521 355 585 442 ήδη
607 359 820 444 βασιλεύοντι
840 365 895 429 καί
915 368 1023 448 ἔχοντι
1039 359 1078 431 τδ

65 456 230 541 Περσέων
243 453 381 541 κράτος,
400 454 641 541 Ἀρτοβαζάνης
657 457 692 522 δὲ
708 461 755 524 ἔτι
771 457 886 548 ίδιάτη
900 457 989 527 ἐόντι
1003 469 1078 528 Δα-

18 558 163 645 ρείρι,
182 548 247 620 ούιι
268 544 316 619 άυ
331 547 393 621 ούτ
395 550 512 631 ὀίκὸς
528 562 577 640 είη
592 550 670 620 οὔτε
686 557 816 622 δίκαιον
831 553 934 624 ἄλλον
948 553 1023 625 τινά
1038 556 1075 625 vo·

64 654 167 741 γέρας
187 658 276 741 ἔχειν
291 651 355 737 πρὸ
374 656 518 739 ἑαυτοῦ,
541 656 615 722 ἐπεί
631 680 669 739 γε
690 658 744 723 καί
768 657 805 723 έν
819 657 960 747 Σπάρτη
978 655 1076 746 ἔφηὸ

64 750 271 839 Δημάρητος
289 748 532 838 ὑποτιθέμενος
553 751 642 818 οὕτω
664 750 919 841 νομίζεσθαι,”
897 782 941 842 ην
962 760 997 824 οί
1014 757 1077 843 μὲν
1173 810 1178 817 .

10 832 17 919 .⁸'
64 847 309 937 προγεγονότες
324 854 402 918 ἔωσι
419 843 540 936 πρίν”
518 875 539 934 η
555 846 616 916 τὸν
637 853 762 935 πατέρα
783 854 898 936 σφέων
917 859 1077 940 βασιλεύ-

64 965 139 1033 σαι,
160 942 232 1015 666
246 945 460 1032 βασιλεύοντι
480 944 638 1032 ὀψίγονος
660 948 865 1036 ἐπιγένηται,
887 975 948 1016 τον
934 952 1076 1034 ἐπιγε-

63 1046 213 1132 νομένου
223 1041 286 1132 τήν
297 1048 424 1124 ἔκδεξιν
435 1050 493 1131 τῆς
503 1051 676 1130 βασιληίης
685 1052 850 1131 γίνεσθαι.
863 1049 1075 1132 χρησαμένου

64 1150 101 1215 δὲ
115 1146 245 1232 Ξέρξεω
259 1152 300 1236 τῇ
313 1144 520 1233 Δημαρήτου
536 1143 695 1234 ὑποθήκη
710 1143 814 1231 γνούς
828 1143 845 1213 6
858 1155 1013 1232 Δαρεῖος,
1031 1144 1075 1226 69

63 1250 156 1333 λέγοι
172 1249 301 1333 δίκαια,
323 1249 459 1333 βασιλέα
480 1274 539 1334 μιν
556 1243 712 1328 ιἰπέδεξε.’
730 1252 860 1316 δοκέειν
881 1244 913 1315 δ’
931 1250 1004 1335 έμοί
1019 1253 1075 1318 καί

62 1340 150 1413 ἄνευ
159 1342 283 1430 ταύτης
292 1350 350 1432 τής
361 1341 537 1432 ὑποθήκης
545 1348 759 1432 ἐβασίλευσεν
770 1340 814 1411 δν
819 1347 960 1432 Ξέρξης·
975 1343 1073 1434 ήγίιρ

10 1464 17 1497 ¹
59 1440 205 1511 ’Δτοσσα
223 1440 287 1528 είχε
300 1440 337 1510 τδ
352 1450 422 1510 πᾶν
435 1443 565 1530 κράτος.
597 1440 773 1522 Ἀποδίξας
783 1441 820 1510 δὲ
834 1446 972 1529 βασιλέα
982 1446 1074 1532 Πέρ-
1091 1460 1107 1513 4

62 1560 141 1631 σησι
160 1548 306 1627 Δαρείος
321 1543 451 1629 Ξέρξην
467 1540 598 1628 ὥρμητο
620 1542 871 1628 στρατεύεσθαι.
902 1537 987 1609 ἀλλὰ
1007 1537 1073 1628 γάρ

61 1635 146 1729 μετά
159 1639 265 1708 ταῦτά
279 1665 316 1708 τε
332 1643 388 1708 καί
403 1641 579 1727 Αἰγύπτου
594 1637 780 1709 άπύστασιν
798 1645 845 1728 τῷ
862 1635 991 1731 ὑστέρῳ
1009 1645 1076 1709 ἔτεϊ

60 1737 402 1824 παρασκευαζόμενον
419 1739 597 1824 συνήνεικε
613 1734 719 1806 αύτδν
731 1748 897 1824 Δαρεῖον,
913 1737 1073 1825 βασιλεύ-

61 1857 168 1906 σαντα
188 1833 229 1903 τά
249 1835 359 1903 πάντα
376 1842 449 1905 ἔτεα
472 1838 505 1916 ἑξ
526 1861 562 1904 τε
582 1836 637 1904 καί
652 1836 847 1924 τριήκοντα,
871 1828 1071 1921 ἀποθανεῖν,

60 1930 191 2001 ούδέοί
176 1932 424 2020 ίέξεγένετο”
380 1959 458 2003 οντε
469 1930 548 2012 τούς
559 1931 765 2011 ἀπεστεῶτας
774 1932 1037 2029 Αίγνπτίους”
995 1958 1072 2000 ουτε

57 2028 260 2119 Ἀθηναίους
278 2032 542 2121 τιμωρήσασθαι.
569 2030 805 2113 ἀποθανόντος
825 2022 862 2101 δέ
878 2027 1068 2121 Δαρείου
1050 2057 1071 2117 η

59 2125 249 2218 βασιληίη’
230 2129 420 2217 αυεχσίρησε
433 2127 512 2208 ές
477 2156 539 2198 τον
552 2127 701 2197 παῖδα
666 2155 728 2197 τον
740 2131 810 2198 ἐκεί
796 2138 872 2199 ίνου
882 2134 1018 2217 Ξέρξην.
1037 2127 1073 2196 ‘0
1088 2143 1104 2194 5

62 2236 179 2297 τοίνυν
193 2229 316 2316 Ξέρξης
336 2230 443 2297 πί
403 2255 426 2315 μ
444 2255 465 2297 ν
486 2225 549 2315 τήν
564 2226 706 2296 Ἐλλάδα
721 2225 877 2314 οὐδαμῶς
893 2227 1072 2313 πρόθυμος

60 2320 105 2415 ἦν
118 2322 193 2394 κατ’
215 2322 318 2412 ἀρχάς
333 2326 591 2414 στρατεύεσθαι,
613 2329 666 2396 έπί
684 2327 720 2394 δὲ
734 2335 909 2413 Αίγνπτον
924 2326 1069 2394 ἐποιέετο

57 2422 122 2513 τήν
142 2432 297 2513 στρατιῆς
316 2423 463 2513 ἄγερσιν.
495 2424 632 2515 παρεών
653 2427 690 2495 δὲ
709 2429 765 2495 καί
780 2425 967 2513 δυνάμενος
986 2427 1067 2510 παρ’

59 2522 151 2615 αύτῷ
166 2524 324 2611 μέγιστον
336 2528 498 2612 Περσέων
509 2525 708 2613 Μαρδόνιος
728 2523 745 2592 6
761 2524 948 2612 Γοβρύεω,
969 2521 1007 2602 69
1025 2517 1070 2609 ἦν

57 2626 164 2712 Ξέρξη
180 2624 243 2710 μέν
259 2619 407 2709 άνεήιδς,
422 2630 572 2709 Δαρείου
587 2624 623 2691 δὲ
638 2621 803 2709 ἀδελφεῆς
813 2635 901 2708 παῖς,
913 2621 1070 2690 τοιούτου

57 2721 165 2808 λόγον
176 2730 289 2810 είχετο,
298 2724 422 2808 λέγων·
433 2724 600 2808 Δέσποτα,
613 2717 676 2788 οὐκ
688 2718 779 2798 οίκός
789 2719 858 2787 έστι
868 2715 1070 2806 Ἀθηναίους

56 2821 305 2906 ἐργασαμένους
318 2817 426 2889 πολλὰ
442 2817 506 2906 ήδη
521 2815 606 2887 κακά
617 2820 750 2904 Πέρσας
761 2813 806 2905 μή
822 2813 865 2885 οὐ
882 2821 1002 2884 δοῦναι
1017 2821 1069 2885 δί-
1141 2888 1144 2895 ,

55 2943 117 2997 κας
133 2923 202 2984 τῶν
216 2918 386 3004 ἐποίησαν.
411 2913 495 2987 ἄλλά
512 2913 550 2985 τδ
565 2916 628 3004 μὲν
641 2922 707 2985 νῦν
717 2923 822 2984 ταῦτα
832 2913 1005 3004 πρήσσοις,
1014 2915 1070 2985 τά·

55 3039 120 3101 περ
135 3016 173 3082 έν
186 3018 279 3101 χερσί
293 3022 392 3103 ἔχεις,
416 3014 591 3103 ήμεράσας
608 3015 645 3083 δέ
661 3022 837 3100 Αίγυπτον
856 3009 918 3099 τήν
933 3015 1067 3101 ἐξυβρί-

55 3130 166 3181 σασαν
179 3113 398 3201 στρατηλάτεε
413 3115 465 3182 ἐπὶ
478 3112 537 3194 τάς
547 3111 710 3202 Ἀθήνας,
725 3115 783 3180 ἵνα
793 3111 893 3199 λόγος
907 3114 946 3180 τέ
957 3131 995 3180 σε
1011 3119 1067 3204 ἔχη

52 3206 139 3297 πρδς
153 3206 349 3297 ἀνθρώπων
363 3208 494 3299 άγαθδς
507 3218 566 3280 καί
572 3239 623 3290 τις
633 3209 777 3294 ὕστερον
788 3209 1000 3299 φυλάσσηται
1014 3213 1067 3280 ἐπί

51 3318 119 3398 γῆν
130 3306 194 3398 τήν
204 3307 269 3398 σήν
280 3311 531 3399 στρατεύεσθαι.
556 3303 664 3390 Οὗτος
680 3313 743 3398 μέν
759 3313 793 3379 oc
808 3307 826 3379 6
844 3309 944 3396 λόγος
957 3302 1003 3399 ήν
1016 3336 1063 3379 τι-

51 3403 182 3494 μωρδς,
205 3407 329 3476 τούτου
352 3409 389 3478 δὲ
411 3416 473 3478 τοῦ
500 3409 604 3494 λύγου
629 3406 851 3496 παρενθήκην
875 3411 1066 3477 ποιεέσκετο

1069 3600 1132 3620 a*
