2378 3840
122 191 165 253 2⁰
496 195 748 252 HERODOTI

118 358 203 438 ζειν,
224 350 291 438 φὰς
307 351 518 441 τήυἚρυαος
531 352 645 438 χώρην
661 359 774 420 πᾶσαν
788 351 874 421 εἶναι
881 353 1128 439 Ἡρακλειδέων

118 448 225 519 αὐτοῦ
241 449 423 533 Ἡρακλέος
444 455 663 538 κτησαμένου.
694 449 713 519 ὁ
739 452 776 521 δὲ
801 451 950 531 ἀκούσας
969 460 1077 521 ταῦτα
1097 457 1129 533 ές

117 548 278 635 Δελφούς
292 561 398 637 οίχετο
412 551 620 638 χρησόμενος
633 558 679 640 τῷ
693 559 891 642 χρηστηρίῳ,
909 557 941 620 εί
952 553 1059 636 αίρέει
1075 551 1127 622 ἐπ’

116 645 161 732 ἣν
174 651 343 716 στέλλεται
356 649 486 736 χιόρην·
505 646 576 737 ἡδὲ
584 656 703 734 Πυθίη
714 655 749 718 οί
756 658 820 738 χρᾷ
831 648 993 737 αἱρήσειν.
1017 675 1129 737 παρα-

117 744 234 832 λαβών
256 747 293 815 δὲ
316 746 334 816 ὁ
357 746 513 832 Δωριεύς
530 745 592 815 τόν
612 747 752 831 στόλον,
774 745 836 814 τόν
858 750 915 815 καὶ
939 749 1129 836 έςΔιβύην

68 861 104 914 44
117 838 195 933 ἦγε,
217 848 383 931 ἐκομίζπο
396 843 486 931 παρὰ
501 845 565 933 τήν
574 843 724 931 Ἰταλίην.
773 843 842 913 Τόν
855 844 981 932 χρόνον
995 849 1034 913 δὲ
1048 853 1129 914 τοῦ·

116 974 187 1033 τον,
203 945 249 1026 ὡς
267 949 403 1032 λέγουσι
418 954 618 1034 Συβαρῖται,
634 950 739 1031 σφέας
752 971 788 1012 τε
802 941 927 1023 αὐτούς
940 947 997 1012 καὶ
1013 949 1128 1031 Ῥῆλυυ

116 1043 177 1112 τόν
188 1049 323 1114 ἑωυτῶν
333 1048 474 1134 βασιλέα
485 1047 539 1112 ἐπὶ
549 1045 715 1126 Κρότωνα
726 1046 860 1128 μέλλειν
870 1041 1126 1130 στρατεύεσθαι,

116 1143 196 1222 τούς
221 1145 258 1210 δὲ
278 1143 515 1231 Κροτωνιήτας
537 1144 709 1224 περιδεέας
729 1142 934 1225 γενομένους
960 1142 1126 1227 δεηθῆναι

116 1244 266 1324 Δωριέος
276 1246 372 1325 σφίσι
381 1247 567 1326 τιμωρῆσαι
578 1243 633 1306 καὶ
642 1254 755 1324 τυχεῖν
766 1241 965 1324 δεηθέντας·
979 1259 1128 1325 συστρα-

115 1339 279 1406 τεύεσθαί
298 1336 391 1425 τεδή
412 1340 466 1406 ἐπὶ
482 1339 638 1426 Σύβαριν
655 1342 789 1422 Δωριέα
810 1340 867 1406 καὶ
889 1345 1047 1405 συνελεῖν
1065 1337 1127 1424 τὴν

114 1439 279 1527 Σύβαριν.
314 1446 419 1506 ταῦτα
442 1441 506 1525 μέν
525 1465 593 1505 νυν
616 1446 804 1526 Συβαρῖται
827 1439 963 1521 λέγουσι
989 1444 1127 1523 ποιῆσαι

115 1539 251 1620 Δωριέα
264 1538 371 1605 τεκαὶ
386 1534 467 1614 τούς
480 1533 553 1622 μετ’
570 1533 694 1621 αὐτοῦ,
708 1541 941 1620 Κροτωνιῆται
951 1533 989 1603 δέ
1002 1532 1128 1604 ούδένα

115 1641 211 1720 σφίσι
227 1638 309 1720 φασλ
320 1639 431 1716 ξεῖνον
441 1635 751 1720 προσεπιλαβέσθαι
761 1638 824 1699 τοῦ
835 1629 921 1716 πρός
930 1640 1125 1719 Συβαρίτας

115 1735 284 1817 πολέμου,
307 1737 338 1799 εί
357 1729 402 1818 μή
416 1737 569 1817 Καλλίην
589 1737 658 1796 τῶν
671 1726 841 1814 Ἰαμιδέων
854 1728 978 1814 μα’ντιν
995 1725 1126 1796 Ἠλεῖον

115 1839 257 1924 μοῦνον,
270 1836 326 1899 καὶ
335 1839 457 1902 τοῦτον
468 1830 583 1921 τρόπῳ
592 1833 726 1919 τοιῷδε·
741 1825 832 1912 παρὰ
843 1828 974 1915 Ίήλως
982 1835 1127 1897 τοῦΣυ-

115 1934 281 2018 βαριτέων
296 1931 471 2014 τυράννου
491 1927 687 2015 ἀποδράντα
703 1926 885 1995 ἀπικέσθαι
901 1924 992 2010 παρὰ
1008 1931 1125 2018 σφέας,

39 2063 41 2066 ·
112 2027 225 2096 έπείτέ
244 2033 279 2095 οἱ
299 2026 340 2095 τὰ
363 2025 420 2112 ίρό
443 2024 485 2094 ού
516 2024 703 2114 προεχώρεε
733 2023 858 2111 χρηστέ
882 2025 1043 2115 θυομένῳ
1075 2025 1129 2093 έπλ

60 2148 95 2199 45
113 2127 286 2215 Κρότωνα.
325 2132 432 2194 ταῦτα
454 2121 489 2193 δ’
509 2118 553 2194 αὖ
579 2118 672 2194 οὗτοι
695 2127 841 2210 λέγουσι.
884 2123 1068 2212 Μαρτύρια
1092 2123 1128 2192 δέ

110 2229 242 2300 τούτων
254 2229 401 2314 ἑκάτεροι
414 2222 633 2295 όποδεικυῦσι
644 2225 735 2310 τόδε,
751 2233 942 2313 Συβαρῖται
953 2223 1018 2311 μὶν
1030 2227 1128 2312 τέμε-

115 2327 175 2406 νός
195 2353 231 2394 τε
256 2328 313 2393 καὶ
333 2322 419 2411 νηόν
442 2325 540 2392 ἐόντα
559 2320 651 2407 παρὰ
666 2321 735 2391 ’τόν
756 2321 860 2410 ξηρόν
881 2331 1037 2412 Κρᾶθιν,
1065 2324 1126 2394 τόν

115 2423 321 2510 ἱδρύσασθαι
336 2423 523 2491 συνελόντα
537 2419 600 2509 τήν
613 2421 716 2490 πόλιν
724 2425 861 2505 Δωριέα
872 2426 1009 2507 λέγουσι
1020 2422 1125 2511 Ἀθη-

115 2530 195 2611 ναίη
217 2523 384 2614 ἐπωνύμῳ
404 2531 558 2612 Κραθίῃ,
579 2529 678 2590 τοῦτο
701 2523 739 2590 δὲ
763 2520 870 2591 αὐτοῦ
890 2525 1042 2609 Δωριέος
1065 2524 1125 2594 τόν

113 2623 268 2693 θάνατον
287 2622 475 2708 μαρτύριον
496 2626 655 2709 μέγιστον
675 2628 867 2707 ποιεῦνται,
895 2619 948 2689 ὅτι
970 2620 1064 2707 παρὰ
1083 2621 1123 2690 τὰ

114 2723 368 2810 μεμαντευμένα
392 2725 518 2790 ποιέων
540 2721 727 2806 διεφθάρη·
761 2727 792 2787 εί
809 2718 875 2807 μᾶρ
897 2718 938 2806 δή
963 2719 1008 2806 μή
1034 2746 1124 2804 παρ·

114 2826 235 2908 έπρηξε
249 2822 372 2908 μηδὲν,
389 2817 443 2889 ἐπ’
455 2819 475 2888 δ
489 2822 526 2887 δέ
543 2821 664 2905 έστόλη
677 2822 796 2905 ἐποίεε,
812 2814 879 2886 εἷλε
893 2814 938 2886 ἄν
950 2815 1013 2905 τήν
1025 2816 1124 2905 ’Qv-

113 2929 213 3006 ιιίνην
227 2921 341 3006 χοέρην
357 2923 414 2988 ναὶ
426 2919 514 2989 ἑλόν
531 2925 683 3008 κατέσχε,
705 2918 780 2988 ούδ’
800 2916 845 2988 ἂν
858 2919 961 2998 αύτός
975 2947 1011 2988 τε
1031 2918 1123 3007 καὶὴ

114 3016 250 3105 στρατιή
272 3020 453 3104 διεφθάρη.
477 3024 514 3087 σί
521 3019 555 3088 δ’
569 3013 613 3087 αύ
649 3026 879 3110 Κροτωνιῆται
903 3016 1124 3086 ἆποδευινῦσι

113 3124 244 3204 Καλλίη
258 3119 320 3201 μὲν
341 3123 388 3207 τῷ
405 3114 520 3206 Ἠλείῳ
540 3119 689 3200 ἐξαίρετα
709 3121 747 3184 έν
764 3123 809 3205 γῇ
824 3122 865 3203 τῇ
877 3116 1125 3204 Κροτωνιήτιδι

114 3213 221 3283 πολλὰ
243 3218 406 3302 δοθέντα,
424 3214 466 3283 τό
482 3219 539 3285 καὶ
559 3219 593 3294 ἐς
614 3219 671 3302 ἐμὲ
684 3222 733 3283 ἔτι
749 3217 907 3300 ἐνέμοντο
923 3221 958 3283 σί
968 3222 1125 3286 Καλλίεω

114 3312 296 3398 ἀπόγονοι,
317 3316 447 3398 Δωριέι
461 3316 498 3382 δὲ
511 3317 567 3381 καὶ
580 3327 666 3382 τοῖσι
676 3316 830 3398 Δωριέος
845 3311 1047 3398 ἀπογόνοισι
1062 3312 1125 3384 ού-

115 3416 182 3480 δέν.
205 3417 312 3479 καίτοι
330 3421 361 3480 εί
373 3415 620 3497 συνεπελάβετό
640 3442 679 3501 με
695 3422 756 3482 τοῦ
771 3423 1001 3502 Συβαριτικοῦ
1019 3423 1124 3488 πολέ-
