2378 3840
141 140 205 208 216
518 143 770 203 HERODOTI

140 303 294 390 χυμένων
308 297 375 368 ὑπὸ
390 313 476 369 τοῖσι
490 302 584 385 ποσὶ,
601 299 666 368 άνά
681 327 716 368 τε
738 306 884 388 ἔδραμον
899 308 932 372 οῖ
946 309 1077 384 Φωκέες
1091 309 1149 374 καλ

140 405 302 472 ἐνέδυνον
319 398 359 467 τά
374 397 476 484 όπλα,
494 401 549 466 καὶ
560 396 679 468 αὐτίκα
690 399 901 489 οίαβάρβαροι
912 411 1076 490 παρῆσαν.
1102 402 1149 483 ὦς

140 503 177 569 δέ
193 496 283 569 εἶδον
297 498 422 582 άνδρας
437 501 660 582 ἐνδυομένους
673 495 776 583 ὅπλα,
799 499 835 565 ἐν
859 497 989 586 θαύματι
1008 501 1147 585 ἐγένου-

139 625 193 670 το·
217 598 393 685 ἐλπόμενοι
405 592 469 682 γάρ
481 592 580 663 ούδέν
592 615 653 681 σφι
664 595 877 684 φανήσεσθαι
892 593 1055 683 ἀντίξοον,
1071 600 1148 666 ἐνε-

139 698 291 786 κύρησαν
306 701 442 784 στρατῷ.
466 696 615 763 ἐνθαῦτα
625 690 787 783 Ὑδάρνης
801 696 1077 782 καταρρωδήσας,
1100 693 1146 781 μὴ

130 799 324 889 ·οί,Φωκέες
347 800 425 867 ἔωσι
447 793 724 880 Λακεδαιμόνιοι,
751 805 856 882 εῖρετο
878 794 937 862 τόν
956 793 1146 882 Ἐπιάλτην,

138 891 308 972 ὁποδαπὸς
320 903 370 979 είη
381 890 399 961 ὁ
412 893 561 980 στρατός,
569 891 810 988 πυθόμενοςδέ
821 893 983 983 ἀτρεκέως
995 900 1147 964 διέτασσε

137 989 216 1070 τούς
229 996 362 1080 Πέρσας
379 988 422 1070 ὦς
441 993 474 1070 ἐς
494 992 613 1077 μάχην.
643 996 678 1059 οί
696 991 732 1059 δέ
750 997 881 1073 Φωκέες
903 990 946 1073 ὦς
963 992 1145 1080 ἐβάλλοντο

137 1107 222 1163 τοῖσι
238 1092 414 1178 τοξεύμασι
432 1096 586 1158 πολλοῖσί
596 1116 631 1156 τε
646 1094 700 1158 καὶ
714 1106 888 1178 πυκνοῖσι,
911 1101 1039 1178 οῖχοντο
1058 1090 1147 1178 φεύ-

137 1221 254 1282 γοντες
274 1195 326 1262 ἐπὶ
342 1199 403 1261 τοῦ
419 1190 537 1279 ούρεος
553 1188 613 1258 τὸν
634 1190 824 1280 κόρυμβον,
848 1191 1060 1278 ἐπιστάμενοι
1102 1186 1146 1268 ὡς

65 1341 86 1356 ,
139 1295 192 1361 ἐπὶ
203 1294 307 1378 σφέας
318 1285 713 1377 ὡρμήθησανάρχήν,καλ
721 1289 993 1378 παρεσκευάδατο
1007 1287 1050 1368 ὡς
1058 1286 1141 1356 άπο-

137 1391 300 1477 λεόμενοι.
319 1380 423 1459 Οὗτοι
434 1389 496 1474 μὲν
507 1385 548 1474 δὴ
558 1394 662 1455 ταῦτα
674 1388 851 1473 ἐφρόνεον,
866 1393 899 1457 οί
909 1389 944 1455 δὲ
957 1386 1042 1473 ἀμφὶ
1053 1383 1146 1454 Ἐπι-

136 1489 242 1575 άλτην
262 1490 317 1555 καὶ
333 1484 494 1570 Ὑδάρνεα
510 1487 638 1571 Πέρσαι
653 1488 800 1554 Φωκέων
815 1487 878 1571 μὲν
899 1482 1023 1552 οὐδένα
1039 1484 1146 1570 λόγον

69 1609 122 1666 219
136 1593 324 1674 ἐποιεῦντο,
341 1591 376 1654 οί
388 1588 423 1654 δὲ
438 1589 636 1672 κατέβαινον
651 1583 687 1673 τό
702 1580 804 1675 οὖρος
820 1583 902 1661 κατὰ
914 1584 1020 1670 τάχος.
1048 1591 1145 1650 Τοῖσι

136 1689 172 1760 δέ
188 1692 225 1758 ἐν
236 1687 473 1776 Θερμοπύλῃσι
488 1689 581 1756 ἐοῦσι
593 1684 762 1774 Ἑλλήνων
773 1693 907 1775 πρῶτον
920 1686 982 1772 μὲν
993 1682 1010 1751 ὁ
1023 1684 1145 1771 μάντις

136 1793 318 1875 Μεγιστίης
329 1783 451 1855 ἐσιδοδν
461 1790 494 1866 ἐς
504 1783 545 1853 τὰ
556 1784 612 1873 ίρά
624 1791 749 1874 ἔφρασε
760 1784 820 1854 τόν
830 1789 993 1874 μέλλοντα
1005 1788 1146 1852 ἔσεσθαι

133 1887 202 1974 άμα
218 1885 277 1975 ἠοῖ
288 1906 348 1975 σφι
363 1888 526 1956 θάνατον.
551 1888 603 1954 ἐπὶ
621 1884 657 1952 δέ
674 1887 730 1953 καλ
745 1881 925 1971 αὐτόμολοι
940 1874 1027 1971 ἦσαν
1042 1885 1077 1948 οί
1092 1882 1146 1961 ἐξ·

134 1993 344 2073 αγγείλαυτες
359 1991 428 2054 τῶν
446 1986 605 2069 Περσέων
625 1981 687 2070 τὴν
704 1987 871 2066 περίοδον.
901 1975 994 2050 οὗτοι
1015 1980 1078 2066 μὲν
1096 1985 1146 2048 ἐτι

134 2081 256 2161 νυκτός
271 2084 451 2170 ἐσήμηναν,
469 2088 572 2167 τρίτοι
583 2083 618 2149 δὲ
630 2086 665 2149 ολ
673 2078 897 2168 ἡμεροσκόποι
909 2078 1147 2164 καταδραμόν-

134 2209 187 2262 τες
202 2179 267 2250 άπὸ
283 2187 351 2251 τῶν
365 2178 481 2266 όκρωυ
495 2178 563 2266 ἤδη.
574 2179 818 2267 διαφαινούσης
831 2176 962 2266 ἡμέρης,
992 2181 1146 2245 ἐνθαῦτα

134 2281 355 2370 ἐβουλεύοντο
367 2285 402 2349 τί
405 2278 572 2367 Ἕλληνες,
580 2287 640 2349 καί
647 2300 762 2367 σφεων
773 2283 936 2366 ἐσχίζοντο
948 2284 984 2347 αἱ
992 2285 1144 2365 γνῶμαι·

136 2384 171 2448 οί
178 2381 240 2466 μέν
251 2377 316 2465 γάρ
327 2376 391 2448 οὐκ
402 2386 468 2449 ἐων
483 2376 545 2466 τὴν
562 2380 656 2460 τάξιν
671 2384 829 2466 ἐκλιπεῖν,
846 2385 880 2449 οί
888 2380 924 2450 δὲ
937 2375 1142 2448 άντέτεινου.

132 2473 214 2564 μετά
227 2480 368 2546 δὲτούτο
380 2480 611 2565 διακριθέντες
622 2481 721 2566 οίμέν
729 2476 985 2548 άπαλλάσσοντο
997 2480 1054 2546 καὶ
1067 2481 1144 2544 δια-

133 2579 373 2656 σκεδασθέντες
387 2575 471 2646 κατά
488 2578 584 2658 πόλις
604 2581 736 2649 ἕκαστοι
752 2578 952 2667 ἐτράποντο,
975 2581 1008 2644 οί
1023 2578 1061 2644 δὲ
1077 2572 1143 2643 αύ-

64 2687 118 2743 λλυ
131 2681 200 2743 τοῖν
212 2674 279 2762 ἅμα
290 2680 443 2764 Λεωνίδη
453 2678 568 2762 μένειν
578 2675 684 2747 αὐτοῦ
694 2676 976 2767 παρεσκευάδατο.
1000 2677 1143 2761 Λέγεται

131 2775 168 2842 δὲ
178 2775 249 2859 καὶ,
269 2769 312 2852 ὡς
324 2770 425 2853 αύτός
436 2793 541 2862 σφεας
552 2773 725 2864 άπέπεμψε
735 2780 915 2862 Λεωνίδης,
925 2771 969 2861 μη
983 2770 1141 2843 άπόλων-

130 2897 184 2940 ται
195 2871 395 2958 κηδόμενος·
414 2870 504 2965 αὐτῷ
516 2877 550 2943 δέ
562 2879 617 2944 καὶ
627 2877 867 2964 Σπαρτιητέων
877 2889 962 2944 τοῖσι
974 2881 1141 2960 παρεοῦσι

131 2965 194 3037 ούκ
214 2974 301 3054 ἐχειν
317 2968 507 3059 εύπρεπέως
522 2975 668 3045 ἐκλιπεῖν
684 2974 746 3064 την
762 2977 873 3063 τάξιν,
898 2977 930 3055 ἐς
945 2972 1006 3060 τὴν
1028 2967 1141 3060 ἦλθον

131 3065 338 3150 φυλάξοντες
347 3066 463 3157 άρχην.
487 3071 591 3162 ταύτη
602 3078 656 3143 καλ
668 3076 973 3166 μάλλοντῇγνύμη
984 3073 1140 3151 πλεῖστός

131 3167 213 3248 είμι,
229 3169 415 3255 Λεωνίδην,
440 3171 547 3240 ἐπείτε
565 3181 703 3245 αίσδετο
719 3175 798 3255 τούς
812 3177 1006 3263 συμμάχους
1022 3173 1140 3250 ἐόντας

129 3258 353 3352 άπροδύμους
369 3271 425 3338 καὶ
442 3268 505 3340 ούκ
520 3277 698 3355 ἐθέλοντας
715 3272 1065 3359 συνδιακινδυνεύειν,
1083 3299 1139 3341 κε-

93 3356 250 3616 Ϊωί
256 3383 361 3451 σφεας
372 3365 662 3458 ἀπαλλάσσεσθαι,
679 3373 769 3468 αύτῷ
781 3378 817 3444 δὲ
828 3373 962 3444 άπιέναι
974 3368 1016 3439 ού
1029 3379 1140 3450 καλῶς
