2378 3840
141 193 205 259 260
517 199 769 258 HERODO'I'I

140 356 160 428 6
175 356 358 445 στρατηγός
377 355 587 445 Ἀριαβίγνης
602 355 620 425 6
636 364 802 446 Δαρείου,
818 364 953 448 ,Ξέρξεω
974 362 1049 434 ἐιάν
1062 363 1148 437 ἀδελ-

141 455 239 546 φεός,
263 455 329 525 ἀπὸ
348 459 384 525 δέ
405 455 500 526 ἀλλοι
515 462 637 525 πολλοί
645 481 682 524 τε
698 460 752 524 καὶ
774 454 983 544 ούνομαστοὶ
998 466 1149 552 Περσέων

141 558 197 623 καὶ
212 556 343 642 Μήδων
363 558 417 623 καὶ
438 561 507 622 τόν
527 552 639 622 ἄλλων
660 554 861 644 συμμάχων,
881 553 997 645 ὀλίγοι
1014 563 1059 628 δέ
1073 587 1149 640 τινες

142 658 195 722 καὶ
205 651 383 739 Ἑλλήνων.
405 650 462 719 ἀτε
477 649 543 738 γάρ
557 653 649 718 νέειν
665 653 896 773 ἐπιστάμενοι,
921 670 1017 725 τοῖσι
1036 662 1077 728 αί
1089 661 1149 739 νέες

142 756 395 836 διεφθείροντο,
417 753 473 818 καὶ
490 746 536 836 μή
558 752 596 816 έν
611 755 733 835 χειρῶν
752 751 846 842 νόμφ
867 748 1147 842 ἀπολλύμενοιές

83 898 86 902 -
141 874 203 933 την
214 856 391 933 Σαλαμῖνα
407 849 545 915 διένεον.
565 873 634 914 των
645 847 681 914 δέ
691 850 876 936 βαρβαρων
886 854 924 920 oc
934 858 1065 924 πολλοὶ
1074 859 1149 944 ἐντή

140 944 297 1033 θαλάσση
313 945 565 1033 διεφθάρησαν,
588 948 680 1012 νέειν
693 942 757 1013 ούκ
772 946 1004 1032 ἐπιστάμενοι.
1038 954 1111 1021 ἐπεὶ
1121 951 1148 1019 δέ

140 1050 316 1130 αίπρῶται
327 1043 484 1171 ἐςφυγήν
498 1044 692 1132 ἐτράποντο,
710 1048 860 1114 ἐνθαῦτα
871 1051 909 1115 αί
916 1057 1081 1120 πλεῖσται
1091 1056 1147 1121 διε

140 1151 334 1232 φθείροντα.
358 1149 392 1211 οι
403 1143 469 1230 γάρ
481 1143 603 1210 ὄπισθε
613 1147 819 1231 τεταγμένοι,
834 1141 917 1222 ἐς
881 1170 920 1212 το
932 1146 1077 1233 πρόσθε
1086 1156 1146 1239 τῇσι

139 1245 239 1328 νηυσὶ
250 1244 404 1325 παριέναι
416 1239 623 1326 πειρεόμενοι
633 1236 677 1321 ὥς
686 1239 930 1328 ἀποδεξόμενοί
938 1271 973 1311 τι
988 1250 1052 1315 ιιαὶ
1066 1243 1146 1314 aima

140 1347 241 1426 ἔργον
255 1341 401 1427 βασιλέι,
421 1347 496 1428 τῇσι
517 1339 696 1428 σφετέρῃσι
712 1343 812 1426 νηυσὶ
826 1340 1050 1431 φευγούσῃσι
1064 1368 1145 1427 περι-

91 1455 127 1510 90
144 1444 290 1509 ἔπιπτον.
309 1437 455 1526 Ἐγένετο
468 1443 504 1509 δε
515 1445 571 1509 καὶ
581 1440 659 1508 τόδε
671 1441 709 1508 ἐν
722 1466 768 1530 τφ
753 1438 920 1530 θορύβῳ
934 1442 1072 1537 τούτῳ·
1092 1451 1145 1513 τόν

139 1539 228 1617 τινές
242 1545 423 1623 Φοινίκων,
437 1545 505 1605 τῶν
517 1542 554 1607 αί
561 1542 634 1617 νέες
647 1539 867 1624 διεφθάρατο,
882 1540 1056 1622 ἐλθόντες
1069 1539 1145 1627 παρέ

140 1638 277 1723 βασιλέα
288 1640 464 1723 διέβαλλον
473 1633 553 1715 τούς
560 1635 690 1723 Ἴωνας,
708 1636 753 1715 ὡς
763 1633 808 1704 δι’
824 1639 978 1718 ἐκείνους
989 1638 1144 1711 ἀπολοία-

139 1760 177 1801 το
189 1737 225 1802 αί
233 1735 316 1820 νέες,
333 1732 377 1813 ὡς
390 1735 596 1823 προδόντων.
626 1735 805 1822 συνήνεικε
818 1726 867 1803 όν
878 1732 972 1803 οὕτω
984 1735 1079 1809 ὥστε
1090 1736 1144 1808 ’Io'-

140 1859 210 1901 νων
221 1858 256 1900 τε
268 1830 347 1911 τούς
358 1831 563 1921 στρατηγούς
573 1833 618 1921 μή
630 1832 828 1920 ἀπολέσθαι,
840 1840 1020 1905 Φοινίκων
1031 1865 1070 1908 τε
1080 1834 1143 1914 τούς

139 1933 380 2018 διαβάλλοντας
396 1939 512 2018 λαβεῖν
526 1932 658 2000 τοιόνδε
673 1930 815 2017 μισθόν·
836 1936 884 1999 ἔτι
897 1933 1040 2003 τούτων
1053 1943 1142 2006 ταῦτα

138 2031 307 2116 λεγόντων
314 2032 452 2116 ,ἐνέβαλε
462 2035 522 2116 νηῒ
530 2027 658 2119 Ἀττικῇ
668 2034 905 2117 Σαμοθρητκίη
915 2038 1015 2118 νηῦς.
1034 2030 1142 2121 ήτεδή

137 2125 262 2213 Ἀττική
278 2128 473 2213 κατεδύετο,
489 2131 544 2196 καὶ
559 2131 783 2215 ἐπιφερομένη
794 2133 953 2214 Αἰγιναίη
968 2139 1063 2217 νηῦς
1077 2157 1138 2200 ιιαι·

140 2227 238 2293 έδυσε
256 2231 325 2291 τῶν
337 2233 590 2311 Σαμοθρηίκων
610 2223 672 2312 τήν
688 2229 757 2294 νέα.
781 2225 839 2294 ἀτε
855 2225 896 2311 δή
913 2225 1034 2309 ἐόντες
1052 2228 1142 2299 ἀκου

139 2325 244 2391 τισταὶ
259 2326 292 2389 οί
301 2322 538 2409 Σαμοθρήικες
550 2320 630 2402 τούς
641 2321 828 2410 ἐπιβάτας’
809 2321 874 2392 aad
886 2330 944 2411 τῆς
955 2329 1142 2398 καταδυσά

139 2441 198 2540 σης
213 2415 288 2496 νεὸς
302 2419 483 2504 βάλλοντες
498 2418 673 2508 ἀπήραξαν
683 2426 738 2491 καὶ
749 2421 917 2509 ἐπέβησάν
930 2448 968 2491 τε
982 2430 1045 2496 καὶ
1057 2434 1143 2515 έσχον

139 2514 254 2604 αύτήν.
277 2522 381 2584 ταῦτα
401 2518 568 2606 γενόμενα
588 2517 667 2599 τούς
679 2520 800 2600 Ἴωνας
816 2520 1052 2609 ἐρρύσατο·
1026 2553 1075 2606 ως
1088 2522 1143 2613 γάρ

139 2615 208 2684 είδέ
219 2636 323 2700 σφεας
335 2618 458 2703 Ξέρξης
479 2624 579 2704 ἔργον
595 2620 679 2704 μέγα
700 2621 965 2707 ἐργασαμένους,
986 2623 1143 2710 ἐτράπετο

138 2711 223 2800 πρὸς
241 2711 321 2791 τούς
338 2721 498 2793 Φοίνικας
512 2711 599 2782 οἷα’
580 2717 874 2802 υπερλνπεόμενός
890 2743 925 2784 τε
942 2720 1000 2786 καὶ
1021 2721 1144 2796 πάντας

139 2809 355 2897 αίτιεύμενος,
365 2817 424 2879 καί
432 2833 548 2898 σφεων
558 2817 709 2882 ἐκέλευσε
720 2813 779 2906 τοὶς
789 2813 938 2902 κεφαλάς
949 2813 1143 2906 ἀποταμεῖν,

137 2907 255 2995 ἵναμή
278 2908 373 2978 αὐτοὶ
393 2914 490 2979 κακοὶ
510 2914 687 2998 γενόμενοι
705 2911 785 2994 τούς
805 2912 985 3001 ἀμείνονας
1005 2916 1143 3005 διαβάλ-

138 3018 229 3075 λωσι.
259 3005 346 3086 ὅκως
365 3010 431 3096 γάρ
451 3036 526 3078 τινα
547 3016 614 3080 ίδοι
628 3014 751 3098 Ξέρξης
769 3039 838 3081 ταν
853 3015 981 3080 έωυτου
967 3017 1105 3099 ἔργον
1119 3038 1143 3078 τι

137 3105 427 3193 ἀποδεικνύμενον
443 3113 480 3178 έν
493 3138 534 3200 τη
520 3117 728 3200 ναυμαχίη,
744 3109 929 3196 κατήμενος
939 3108 1007 3179 ὑπὸ
1024 3121 1074 3205 τῷ
1089 3111 1144 3182 ού-

138 3219 190 3283 ρει
204 3211 250 3294 τῷ
271 3202 387 3274 ἀντίον
401 3215 609 3295 Σαλαμῖνος,
630 3206 668 3277 τὰ
686 3212 837 3277 καλέεται
853 3208 1090 3298 Αίγάλεως,’
1070 3237 1145 3280 ανε-

137 3303 376 3372 τνυθάνετο
342 3332 403 3374 τον
413 3307 616 3395 ποιήσαντα,
632 3311 688 3376 καὶ
702 3334 733 3375 οι
725 3303 1021 3394 γραμματισταδ’
1000 3313 1145 3397 ανέγριι

139 3430 207 3491 φον
221 3406 393 3494 πατρόθεν
407 3405 468 3475 τόν
481 3410 683 3498 τριήραρχον
694 3407 799 3476 καὶ
763 3434 825 3496 την
839 3407 948 3476 πόλιν.
970 3408 1059 3493 πρὸς
1070 3414 1111 3481 δέ
1119 3438 1144 3480 τι
