2378 3840
283 172 287 178 ’
322 197 408 253 ιιυ.
441 197 500 252 vn.
536 196 634 252 οΑν.
668 201 811 256 εε-ιο.
1010 195 1073 258 143

62 360 178 442 γήσαι,
202 355 273 439 ἐμοὶ
289 351 325 420 δὲ
342 356 425 440 μέγα
439 353 633 440 γενόμενον.
670 357 794 441 Ξέρξης
808 356 844 423 δὲ
859 366 928 426 πᾶν
942 364 1070 442 μάλλον

60 457 190 521 δοκέων
209 479 268 539 μιν
281 459 432 540 χρηίσειν
446 451 469 540 ή
483 453 520 522 ιδ
539 455 678 540 ἐδεήθη,
702 461 765 541 ἔφη
783 482 818 524 τε
839 457 1069 544 ὑπουργήσειν

60 555 117 622 καί
133 550 174 639 δή
190 550 369 640 ἀγορεύειν
383 557 524 640 ἐκέλευε,
542 552 620 623 ότευ
635 557 750 622 δέοιτο.
774 552 842 624 ὑδλ
860 557 966 623 ἐπείτε
985 565 1068 624 ταῦ-

59 678 100 718 τα
114 649 254 738 ήκουσε,
278 658 370 738 ἔλεγε
388 654 563 739 θαρσήσας
576 654 672 720 τάδε·
700 646 739 719 Ὦ
760 656 919 740 δέσποτα,
942 655 1066 742 τυγχά-

60 758 164 821 νουσί
174 777 231 839 μοι
246 756 361 831 παῖδες
376 753 486 832 ἐόντες
500 757 615 838 πέντε,
631 760 690 821 καί
700 774 805 841 σφεας
819 755 1066 842 καταλαμβάνει

58 850 188 929 πάντας
203 848 271 936 ἀμα
286 854 338 919 σοί
349 851 590 938 στρατεύεσθαι
603 854 656 920 ἐπί
671 851 732 940 τήν
744 851 893 922 Ἑλλάδα.
917 852 959 921 σὺ
975 857 1020 939 δὲ,
1039 848 1065 920 ά

59 953 215 1037 βασιλεῦ,
237 949 293 1034 ἐμὲ
314 950 347 1026 ἐς
365 949 442 1016 τόδε
461 944 591 1035 ἡλικίης
610 948 736 1035 ήκοντα
750 956 912 1036 οἰκτείρας
926 956 994 1017 τάν
1009 976 1065 1034 μοι

60 1051 191 1117 παίδων
205 1048 265 1113 ἕνα
279 1045 476 1132 παράλυσον
490 1054 548 1133 τῆς
562 1055 737 1135 στρατηίης
750 1046 811 1115 τόν
823 1047 1064 1135 πρεσβύτατον,

58 1149 116 1215 ίνα
134 1142 241 1213 αὑτοῦ
252 1171 289 1213 τε
303 1147 382 1232 ἐμεῦ
397 1147 530 1213 παλτῶν
545 1138 757 1234 χρημάτωνῇ
771 1144 967 1231 μελεδωνός.
986 1141 1065 1220 τοὺς

58 1246 96 1312 δδ
113 1246 269 1329 τέσσερας
283 1240 344 1328 άγε
359 1240 427 1328 ἀμα
442 1248 594 1332 σεωυτῷ,
616 1245 671 1311 καλ
688 1244 813 1331 πρήξας
829 1241 869 1311 τά
885 1245 991 1319 νοέεις
1004 1267 1064 1307 νο-

57 1341 212 1429 στήσειας
227 1337 342 1408 ὀπίσω.
364 1340 481 1428 Κάρτα
492 1366 527 1407 τε
537 1341 701 1426 ἐθυμάθη
717 1339 735 1406 ὁ
749 1344 882 1428 Ξέρξης,
900 1342 955 1407 καί
969 1335 1064 1423 άμεί-
1074 1357 1110 1414 39

57 1449 136 1528 βετο
149 1441 288 1507 τοισίδε·
299 1431 339 1505 Ὦ
350 1440 430 1506 κακὲ
441 1437 612 1526 ἀνθρωπε,
625 1437 668 1506 σὺ
681 1439 862 1525 ἐτόλμησας
873 1440 952 1524 ἐμεῦ
962 1456 1064 1523 στρα-

56 1537 242 1622 τευομένου
268 1533 373 1605 αὑτοῦ
395 1537 448 1604 ἐπὶ
468 1534 530 1624 τήν
547 1534 688 1605 Ἑλλάδα
709 1540 764 1604 καί
783 1535 924 1623 ἀγοντος
945 1537 1064 1610 παῖδας

58 1633 160 1723 ἐμοδς
174 1638 229 1703 καί
244 1631 429 1720 ἀδελφεοὺς
443 1640 498 1704 καί
510 1643 656 1722 οίκηίους
667 1639 722 1704 καί
737 1642 857 1721 φίλους
870 1634 1064 1723 μνήσασθαι

57 1741 134 1822 περί
148 1738 209 1801 σοῦ
226 1735 361 1821 παιδός,
386 1734 452 1804 ἐάν
469 1734 546 1821 ἐμός
566 1741 703 1824 δοῦλος,
721 1735 781 1804 τόν
801 1745 885 1823 χρῆν
905 1740 1063 1820 πανοικίη

59 1831 144 1921 αὐτῇ
161 1835 296 1919 γυναικὶ
317 1834 540 1916 συνέπεσθαις
564 1827 603 1902 εὖ
619 1841 689 1901 νῦν
702 1831 774 1902 τόδ’
792 1838 999 1916 ἐξεπίστασο,
1019 1829 1064 1906 ὡς

58 1934 95 2000 ἐν
109 1943 195 1998 τοῖσι
211 1927 271 1998 ὠσί
292 1936 360 1998 τῶν
375 1929 570 2019 ἀνθρώπων
585 1933 684 2001 οἰκέει
700 1931 718 2000 ὁ
736 1936 864 2017 θυμός,
888 1927 924 2009 δς
937 1923 1062 2016 χρηστά

58 2035 121 2120 μέν
134 2027 281 2109 ἀκοόσας
294 2032 428 2119 τέρψιος
450 2034 620 2120 ἐμπιπλέει
634 2029 671 2099 τό
693 2038 804 2118 σῶμα,
826 2029 1009 2098 ὑπεναντία
1027 2029 1063 2095 δὲ

57 2129 205 2198 τοότοισι
220 2126 368 2209 ἀκούσας
381 2127 534 2199 ἀνοιδέει.
555 2128 612 2199 ὅτε
625 2133 688 2215 μέν
700 2155 767 2196 νυν
784 2124 907 2215 χρηστὰ
923 2123 1064 2212 ποιήσας

56 2230 152 2311 ἕτερα
169 2233 307 2294 τοιαῦτα
321 2227 531 2314 ἐπηγγέλλεο,
547 2224 753 2314 εὐεργεσίῃσι
768 2228 905 2312 βασιλέα
922 2221 963 2290 οὑ
977 2247 1063 2289 καν-

56 2325 171 2412 χήσεαι
182 2321 443 2411 ὑπερβαλέσθαι,
463 2329 570 2394 ἐπείτε
580 2323 656 2403 δὲές
667 2321 703 2392 τό
718 2322 954 2411 ἀναιδέστερον
965 2320 1062 2408 ε’τρά-

56 2447 138 2508 πευ,
153 2417 216 2509 τήν
229 2425 291 2507 μὲν
306 2419 402 2508 ἀξίην
415 2418 458 2490 οὑ
468 2421 625 2508 λάμψεαι,
640 2420 768 2490 ἐλάσσω
780 2421 816 2488 δέ
828 2427 886 2507 τής
903 2417 1002 2504 ἀξίης.
1026 2418 1062 2484 σδ

56 2518 120 2604 μὲν
134 2515 199 2604 γάρ
210 2519 266 2586 καί
279 2515 359 2597 τοὺς
369 2522 525 2605 τέσσερας
535 2525 604 2587 τῶν
614 2522 744 2585 παίδων
758 2517 873 2604 ῥόεται
889 2513 929 2582 τά
947 2519 1062 2599 ξείνια,

54 2623 118 2684 τοὺ
136 2617 172 2684 δέ
186 2615 277 2703 ἑνός,
297 2622 357 2684 τοῦ
371 2617 536 2703 περιέχεαι
550 2616 702 2701 μάλιστα,
719 2620 758 2702 τῇ
772 2617 861 2700 ψυχή
874 2610 1059 2697 ζημιοίσεαι.

50 2703 110 2791 Ὡς
125 2713 161 2780 δέ
175 2719 280 2780 ταῦτα
291 2710 511 2801 ὑπεκρίνατο,
527 2709 645 2781 αὐτίκα
659 2710 791 2779 ἐκέλευε
804 2722 889 2778 τοῖσι
902 2707 1058 2795 προσετὲ·

55 2835 155 2878 τακτο
170 2816 273 2877 ταῦτα
288 2809 469 2898 πρήσσειν,
484 2816 552 2877 τῶν
568 2815 706 2876 Πυθίου
723 2811 853 2876 παίδων
867 2805 1062 2890 ἐξευρόντας

55 2905 117 2975 τὸν
137 2907 368 2995 πρεσβύτατον
389 2907 493 2996 μέσον
512 2912 700 2993 διαταμεῖν,
724 2905 944 2992 διαταμόντας
964 2905 1000 2971 δὲ
1020 2900 1060 2969 τά

54 3002 199 3091 ἡμίτομα
215 3009 400 3093 διαθεῖναι,
415 3004 450 3074 τό
468 3005 530 3091 μὲν
543 3007 597 3073 ἐπί
610 3001 700 3084 δεξιά
716 3011 773 3090 τής
787 3000 887 3089 ὁδοῦ,
904 2997 941 3067 τό
958 2997 990 3066 δ’
1007 3001 1058 3064 ἐπ’

55 3100 225 3190 ἀριστερά,
240 3107 296 3174 καί
308 3104 413 3193 ταάτη
424 3103 582 3183 διεξιέναι
592 3099 653 3170 τδν
664 3100 816 3188 στρατόν.
839 3095 1061 3194 Ποιησάντων
1071 3113 1105 3168 40

55 3204 93 3270 δὲ
107 3201 238 3271 τούτων
252 3209 351 3271 τοῦτο
366 3200 447 3289 μετά
462 3208 568 3269 ταῦτα
583 3197 734 3285 διεξήιεὸ
752 3195 899 3284 στρατός.
920 3190 1060 3282 ήγέοντο

54 3301 93 3368 δὲ
110 3307 237 3383 πρῶτοι
251 3302 314 3387 μὲν
328 3305 362 3371 οί
377 3301 584 3388 σκευοφόροι
600 3324 636 3367 τε
651 3300 706 3366 καί
720 3294 761 3364 τά
775 3294 957 3382 ὑπόξάγια,
978 3291 1060 3380 μετά

54 3399 91 3466 δλ
105 3397 247 3476 τούτους
261 3396 399 3482 στρατός
413 3404 583 3466 παντοίων
597 3396 728 3465 ἐθνέων
745 3391 880 3478 ἀναμίξ,
896 3387 938 3458 οὑ
948 3394 1062 3459 διακε-
