2378 3840
104 175 165 242 ιον
202 162 205 173 ’
483 160 733 234 σοαοοοτι

101 337 223 406 τεόετο.
250 340 341 417 ἐδοξε
359 327 409 403 τόν
425 340 470 424 τῷ
484 334 588 421 ,Ξέρξη
609 330 627 401 ὁ
644 338 751 419 χῶρος
767 330 851 401 εἶναι
869 334 1039 420 ἐπιτήδεος
1053 337 1109 404 ἐν-

101 435 251 515 διατάξαι
262 459 297 503 τε
309 435 363 501 καί
375 434 594 519 ἐξαρνθμῆσαι
605 427 666 498 τόν
676 428 830 518 στρατόν,
843 433 898 500 καί
910 435 1016 501 ἐποίεε
1027 437 1107 499 ταῦ-

101 561 149 603 τα.
173 531 231 611 τάς
247 535 308 619 μέν
323 528 362 619 66
382 532 459 610 νέας
477 527 536 609 τάς
550 529 659 607 πάσας
677 527 880 616 ἀπικομένας
891 533 925 608 ές
937 536 1108 617 Δορίσκον

101 637 135 701 οἱ
154 632 317 719 ναύαρχοι
346 629 566 706 κελεύσαντος
586 630 715 714 Ξέρξεω
737 630 770 706 ἐς
791 625 851 694 τὸν
864 625 1027 713 αἰγιαλόν
1048 625 1108 695 τόν

100 732 261 818 προσεχέα
267 734 358 823 Δορ
356 748 424 820 σκφ
436 727 606 814 ἐκόμισαν,
619 731 657 796 ἐν
668 751 712 818 τφ
698 727 816 813 Σάλη
826 752 862 794 τε
871 732 1108 814 Σαμοθρηικίη

100 828 295 898 πεπόλισται
307 827 404 906 πόλις
414 828 469 894 καί
478 825 587 912 Ζόνη,
599 793 771 895 τελεάταία
782 823 871 893 δὲ’
829 852 936 895 αυτου
922 830 1109 912 Σέρρειον

101 927 187 1015 ἀκρη
203 924 404 1021 οάνομαδτή.
427 951 445 992 ο
433 920 498 992 ’δέ
507 932 614 1011 χῶρος
625 917 724 1004 οὗτος
735 948 774 993 το
764 920 968 993 Ηπαλαιδν
945 953 990 1012 ηυ
1003 925 1109 992 Κικό-

101 1052 180 1093 νων.
210 1027 243 1103 ἐς
256 1029 377 1092 τοῦτον
390 1020 452 1091 τόν
468 1020 621 1108 αίγιαλδν
637 1022 856 1111 κατασχόντες
865 1023 925 1103 τάς
936 1031 1014 1102 νέας
1028 1022 1109 1092 ἀνέ-

100 1140 209 1245 συχον
224 1121 476 1243 ἀνελκύσαντες.
506 1118 580 1191 δδέ
600 1124 637 1192 ἐν
658 1130 704 1214 τςδ
724 1131 883 1216 Δορίσκῳ
903 1132 1024 1194 τοῦτον
1046 1123 1110 1192 τόν

57 1240 86 1295 50
99 1223 224 1344 χρόνον
240 1216 297 1307 τῆς
315 1227 467 1309 στρατιῆς
484 1216 634 1315 ἀρνθμδν
653 1191 809 1293 έάοιέετο.
839 1222 941 1292 θοον
958 1227 1020 1311 μέν
1041 1248 1106 1293 νοτ

100 1322 233 1388 ἕκαστοι
253 1334 411 1408 καρειχον
440 1325 586 1407 πληδεος
616 1316 786 1440 ἀριθμόν,
806 1319 870 1390 οὐκ
887 1321 996 1408 ἐχιο
966 1348 1054 1390 ειπαι
1069 1320 1106 1390 τό

100 1414 253 1502 ἀτρεκές
258 1411 300 1482 06
310 1410 374 1502 γὰρ
387 1417 516 1502 λέγεται
526 1414 611 1503 πρός
621 1413 781 1505 οὐδαμῶν
791 1415 997 1505 ἀνθρώπων
1003 1421 1105 1507 ,σάμ-

98 1537 223 1589 παυτος
238 1513 277 1599 δέ
289 1517 350 1580 τοῦ
365 1519 508 1601 στρατοῦ
529 1520 589 1582 τοῦ
603 1516 706 1595 πεζοῦ
726 1512 763 1585 τό
773 1523 911 1603 ,πλῆθος
925 1519 1034 1605 ἐφάνη
1050 1520 1107 1604 ἑβ-

100 1609 289 1698 δομήκοντα
304 1613 358 1679 καί
374 1605 493 1680 ἑκατόν
507 1611 675 1698 μυριάδες.
706 1616 935 1703 ἐξηρίθμησαν
956 1617 993 1683 δέ
1007 1616 1107 1683 τόνδε

99 1706 159 1777 τὸν
180 1707 323 1794 τρόπον·
353 1710 601 1797 συναγαγόντες
617 1708 650 1789 ἐς
672 1712 732 1779 ἕνα
749 1718 860 1798 χῶρον
875 1712 1023 1800 μυριάδα
1044 1709 1107 1778 ἀν-

98 1805 267 1893 θριόπιον,
282 1809 336 1874 καὶ
348 1809 572 1888 συννάξαντες
582 1807 708 1894 ταύτην
724 1806 769 1888 ὡς
778 1809 920 1896 μάλιστα
932 1810 1030 1896 εἶχον,
1046 1835 1107 1877 πε-

99 1909 285 1993 ριέγραψαν
299 1910 427 1985 ἔξωθεν
441 1907 584 1990 κόκλον,
602 1906 869 1993 περιγράψαντες
884 1906 920 1975 δέ
934 1905 1022 1976 κάλ’
1004 1910 1106 1975 απέυ-

98 2031 151 2082 τες
166 2002 245 2082 τούς
259 2010 401 2088 μυρίους
412 2001 571 2091 αἱμασιὴν
586 2008 785 2126 περιέβαλον
797 2004 880 2073 κατά
892 2003 953 2074 τόν
967 2007 1108 2091 κύκλον,

100 2103 184 2182 ὕψος
199 2098 395 2191 ἀνήκουσαν
409 2101 508 2191 ἀνδρι
522 2101 599 2182 ἐς
565 2128 625 2172 τον
635 2092 802 2190 δμφαλόν.
823 2105 949 2192 ταύτην
961 2107 996 2174 δε
1008 2107 1108 2193 ποιή-

100 2219 215 2282 σαντες
226 2199 348 2281 ἀλλους
359 2203 449 2290 ἐσεβί
446 2207 508 2290 βαζ
509 2229 549 2271 ον
493 2205 593 2283 ζές
603 2229 640 2271 το
628 2201 1005 2292 περιοικοδομημένον,
1013 2208 1108 2291 μέχρι

98 2292 140 2369 οὗ
151 2300 278 2378 πάντας
292 2298 398 2392 τοότφ
411 2306 457 2390 τῷ
471 2301 584 2392 τρόπφ
597 2303 833 2388 ἐξηρίθμησαν.
858 2299 1108 2390 ἀριθμήσαντες

100 2399 136 2465 δέ
152 2394 236 2465 κατά
252 2401 354 2464 ἔθνεα
370 2399 553 2467 διέτασσον.

57 2513 82 2568 51
184 2499 227 2563 Οί
249 2495 285 2563 δέ
307 2496 566 2584 στρατευόμενοι
587 2500 658 2566 οἵδε
678 2490 781 2584 ἦσαν·
808 2501 937 2586 Πέρσαι
961 2500 1023 2585 μὲν
1041 2491 1107 2567 ὦδε

98 2593 352 2678 ἐσκευασμένοι·
374 2595 450 2681 περί
464 2594 526 2680 μὲν
540 2601 615 2684 τῇσι
629 2596 794 2685 κεφαλῇσι
810 2594 898 2682 εἶχον
912 2598 1027 2685 τιήρας
1045 2624 1107 2666 κα-

97 2691 296 2774 λεομένους,
318 2695 436 2785 πίλους
453 2689 616 2779 ἀπαγέας,
639 2697 714 2778 περί
736 2692 773 2761 δέ
787 2691 824 2762 τδ
841 2700 935 2781 σῶμα
956 2702 1105 2773 κιθῶνας

97 2785 310 2880 χειριδωτοὺς
324 2798 513 2878 ποικίλους,
534 2798 668 2874 λεπίδος
689 2794 844 2881 σιδηρέης
861 2790 941 2875 ὅφιν
955 2801 1106 2882 ἰχθυοει-

98 2892 188 2975 δέος,
209 2886 285 2975 περί
303 2888 339 2956 δέ
356 2884 396 2956 τά
418 2891 545 2964 σκέλεα,
557 2887 776 2979 ἀναξυρίδας,
803 2889 878 2960 ἀντὶ
900 2892 936 2960 δὲ
956 2890 1107 2961 ἀσπίδων

97 2989 217 3075 γέρρα,
235 2982 302 3053 ὑπὸ
318 2987 355 3054 δέ
371 2995 601 3076 φαρετρεῶνες
615 2990 815 3076 ἐκρέμαντο·
837 2987 955 3077 αέχμδις
970 2991 1006 3057 δὲ
1021 2996 1106 3078 βρα-

96 3087 171 3170 χέας
183 3082 281 3171 εἶχον,
296 3084 375 3166 τόξα
388 3087 424 3154 δέ
434 3086 580 3172 μεγάλα,
598 3082 732 3166 όιστοός
743 3087 780 3155 δέ
795 3093 1010 3174 καλαμίνους,
1024 3084 1108 3173 πρὸς

98 3187 133 3252 δέ
148 3188 325 3274 ἐγχειρίδια
341 3182 433 3273 παρά
448 3183 509 3254 τόν
523 3182 634 3266 δεξιόν
651 3184 761 3274 μηρὸν
775 3183 1055 3274 παραιωρεόμενα
1071 3187 1107 3251 έκ

98 3291 153 3370 τῆς
174 3285 288 3372 ζώνης.
317 3289 373 3355 καλ
393 3284 539 3373 ἀρχοντα
555 3295 753 3374 παρείχοντο
769 3284 913 3371 Ὀτάνην
928 3283 988 3353 τόν
1005 3281 1108 3371 ’Δμή-

90 3401 207 3462 στριος
219 3382 349 3469 πατέρα
363 3387 420 3470 τῆς
431 3383 559 3470 Ξέρξεω
570 3381 741 3472 γυναικός.
764 3384 939 3451 ἐκαλέοντο
954 3383 991 3448 δέ
1001 3380 1105 3448 πάλαι
