2378 3840
326 186 414 246 Lm
446 185 481 242 V.
514 181 613 246 σεε.
644 189 730 247 τι-
743 189 788 248 εο
1021 180 1059 250 17

43 371 118 431 μον
140 349 270 436 βασιλέϊ
288 352 356 413 τῶν
369 342 528 426 Περσέων
550 337 785 431 ἀναιρέεσθαι,
807 346 999 432 καταλέγων
1020 346 1061 414 τά

43 468 83 509 τε
107 445 214 511 ἔθνεα
233 444 359 527 πάντα,
379 447 447 509 τῶν
468 465 547 527 ηρχε
568 450 729 528 Δαρεῖος,
756 445 812 512 καὶ
833 439 895 531 τήν
915 443 1062 531 δύναμιν

46 540 177 630 αύτού,
208 543 316 611 ἐπείτε
350 539 389 608 δὲ
423 537 486 608 ούκ
514 544 645 626 ἔπειθε,
672 540 813 628 δεύτερα
836 542 1062 630 συνεβούλευε

47 638 235 727 ποιέειν,
215 665 302 718 οκως
315 639 517 724 ναυκρατέες
531 645 589 725 τῆς
601 637 776 726 θαλάσσης
790 644 931 710 ἔσονται.
954 638 1062 720 άλλως

10 772 15 825 '.
49 742 114 825 μέν
135 764 202 806 νυν
223 736 379 826 οὐδαμῶς
400 743 465 825 ἐφη
491 741 599 825 λέγων
623 739 746 824 ἐνορᾶν
774 738 936 825 ἐσόμενον
962 747 1061 809 τοῦτο

10 880 20 913 -,
54 840 268 907 ’ἐπίστασθαι
293 833 359 923 γάρ
387 833 450 922 τήν
475 835 621 920 δύναμιν
645 832 707 922 τήν
734 842 914 924 Μιλησίων
938 840 1062 906 ἐοῦσαν

10 968 25 1009 ε
52 935 233 1019 ἀσθενέα,
256 940 286 1003 εί
298 934 334 1002 δέ
351 930 392 1001 τά
406 932 557 1021 χρήματα
575 940 789 1020 καταιρεθείη
803 931 844 1002 τά
856 937 892 1003 ἐκ
908 941 969 1004 τοῦ
984 940 1061 1022 ίροῦ

52 1043 113 1105 τοῦ
127 1037 166 1104 ἐν
179 1038 400 1123 Βραγχίδῃσι,
421 1030 462 1101 τά
475 1041 620 1120 Κροῖσος
635 1031 653 1101 ὁ
668 1031 781 1112 Λυδός
794 1031 958 1122 άνέθηκε,
978 1043 1062 1103 πολ·

53 1131 112 1212 λᾶς
133 1130 199 1218 εἶχε
213 1132 347 1209 ἐλπίδας
362 1129 597 1217 ἐπικρατήσειν
611 1137 669 1218 τῆς
688 1130 879 1220 θαλάσσης,
900 1133 956 1201 καλ
972 1130 1061 1200 οὕτω

55 1229 180 1308 αύτούς
193 1255 228 1297 τε
243 1231 330 1349 ἕξειν
343 1229 487 1345 χρήμασι
502 1235 649 1316 χρᾶσθαι
666 1231 722 1298 καὶ
735 1225 814 1308 τούς
828 1234 1008 1315 πολεμίους
1021 1226 1064 1297 ού

54 1327 215 1415 συλήσειν
239 1323 334 1395 αύτά.
363 1323 404 1394 τά
427 1327 463 1394 δὲ
485 1326 645 1449 χρήματα
657 1321 702 1414 ήυ
721 1333 826 1395 ταῦτα
848 1329 992 1414 μεγάλα,
1020 1326 1064 1406 ὡς

25 1424 242 1523 δεδήλωταί
259 1449 316 1511 μοι
336 1427 374 1493 ἐν
395 1433 441 1517 τῷ
461 1425 583 1518 πρότω
599 1433 668 1495 τῶν
682 1426 804 1512 λόγων.
835 1425 920 1515 αὕτη
937 1429 999 1514 μὲν
1021 1422 1062 1514 δή

10 1522 117 1595 λὀύκ
131 1520 257 1593 ἐνίκα’
239 1551 261 1611 η
276 1523 411 1612 γνώμη,
427 1524 540 1592 ἐδόκεε
555 1523 637 1592 δέ”·
606 1550 696 1610 ομως
710 1521 931 1611 ἀπίστασθαι,
952 1526 1012 1594 ἐνα
1026 1549 1062 1592 τε

10 1620 167 1691 αύτοδν
181 1621 360 1691 κλάσαντα
375 1622 408 1699 ἐς
419 1627 588 1689 Μυοῦντα
602 1619 681 1701 ἐς
647 1648 684 1690 το
701 1619 975 1711 στρατόπεδον
940 1647 978 1690 τυ
993 1618 1059 1689 άπὸ

10 1758 20 1797 ς
54 1729 111 1809 τῆς
126 1720 245 1802 Νάξου
255 1719 435 1842 ἀπελθόν,
451 1717 509 1788 ἐὰν
530 1721 677 1787 ἐνθαῦτα
685 1719 967 1808 ,συλλαμβάνειν
987 1745 1062 1788 πει-

10 1870 18 1879 -
57 1828 181 1907 ρᾶσθαι
205 1817 285 1899 τούς
312 1823 364 1889 ἐπὶ
388 1826 457 1888 τῶν
477 1825 566 1886 νεῶν
594 1818 822 1897 ἐπιπλάοντας
845 1815 1059 1904 στρατηγούς.

10 1986 14 1991 ,
52 1919 345 2010 Ἀπυτιεμφθέυτος
359 1921 394 1990 δὲ
404 1918 621 2007 Ἰητραγόρεω
631 1916 699 1988 κατ’
708 1916 790 1987 αύτὸ
803 1943 901 1987 τουτο
913 1919 968 1987 καὶ
979 1924 1063 1985 συλ-
1075 1931 1105 1989 δι

10 2056 12 2067 ·
53 2021 217 2107 λαβόντος
237 2021 326 2111 δόλῳ
343 2018 492 2090 Ὀλίατον
509 2018 698 2107 Ἰβανύλιος
713 2020 878 2087 Μυλασέα
896 2019 951 2086 καί
965 2014 1062 2085 Ἱστι-

10 2155 16 2201 3.
39 2118 129 2188 ιαῖον
151 2117 300 2205 Τύμνεω
309 2121 476 2206 Τερμερέα
491 2120 547 2186 καὶ
564 2117 667 2204 Κόην
685 2115 906 2206 Ἐρξάνδρου,
927 2143 973 2208 την
959 2123 1062 2184 Δα·

54 2230 142 2303 ρεῖος
165 2216 368 2305 Μυτιλήνην
393 2218 600 2305 ἐδωρήσατο,
629 2220 684 2284 καὶ
703 2213 942 2305 Ἀρισταγόρην
958 2214 1061 2302 “-Ηρα

54 2317 191 2381 κλείδεω
204 2321 359 2403 Κυμαῖον
380 2319 436 2386 καὶ
456 2313 579 2394 ἄλλους
599 2311 762 2402 συχνούς,
782 2311 871 2383 οὕτω
889 2311 930 2400 δή
949 2316 985 2382 ἐκ
999 2317 1061 2379 τού

55 2411 260 2497 ἐμφανέοςὸ
282 2411 517 2503 Ἀρισταγόρης
538 2413 735 2502 άπεστήκεε,
761 2420 830 2481 πάν
854 2415 907 2481 ἐπὶ
926 2417 1060 2502 Λαρείςο

55 2506 308 2598 μηχαυεόμευος.
346 2519 413 2583 Καὶ
426 2540 541 2602 πρωτα
554 2513 617 2599 μὲν
632 2512 722 2602 λόγῳ
736 2514 843 2599 μετεὶς
857 2509 919 2598 τήν
935 2535 1062 2596 τυραν-

55 2613 131 2675 νίδα
146 2615 322 2697 ἰσονομίην
337 2615 445 2680 ἐποίεε
458 2618 498 2700 τῇ
513 2610 672 2701 Μιλήτῳ,
696 2607 740 2688 ὡς
757 2605 801 2676 άυ
819 2609 950 2688 ἑκόντες
970 2606 1061 2700 αὐτῷ

10 2762 14 2809 ,
54 2712 89 2775 οί
99 2708 264 2797 Μιλήσιοι
277 2714 557 2794 συναπισταίατο,
571 2707 653 2795 μετά
669 2710 705 2776 δὲ
721 2711 776 2777 καὶ
790 2709 828 2776 ἐν
841 2715 882 2797 τῇ
897 2706 981 2797 άλλη
990 2704 1062 2776 ’1ο-

10 2818 13 2881 f
53 2816 110 2898 νίη
127 2807 235 2878 τόυτὸ
255 2818 355 2880 τοῦτο
377 2815 502 2901 ἐποίεε,
523 2810 602 2892 τούς
623 2814 685 2900 μὲν
705 2813 894 2893 ἐξελαύνων
914 2821 982 2882 τόν
1000 2841 1054 2883 τυ

53 2905 206 2992 ράννων,
228 2905 308 2987 τούς
325 2906 360 2975 δ’
380 2915 477 2997 ἐλαβε
496 2911 687 2998 τυράννους
707 2908 772 2977 άπό
796 2918 863 2979 τῶν
884 2919 972 2980 νεῶν
992 2919 1061 2980 τῶν

52 3008 325 3089 σνμαλωσασέων
341 3008 394 3075 ἐπὶ
405 3008 533 3093 Νάξον,
548 3009 690 3088 τούτους
705 3007 742 3075 δὲ
756 3014 843 3094 φίλα
854 3010 1061 3095 βουλόμενος

51 3103 227 3171 ποιέεσθαι
246 3111 321 3225 τῇσι
340 3105 455 3174 πόλισι
476 3107 642 3189 ἐξεδίδου,
665 3103 769 3173 άλλον
786 3108 818 3183 ἐς
834 3102 939 3191 άλλην
959 3105 1060 3174 πόλιν

50 3197 316 3289 παραδιδούς,”
295 3213 380 3271 σθεν
398 3213 448 3289 είη
471 3205 617 3282 ἕκαστος.
663 3201 766 3289 Κάην
785 3206 846 3289 μέν
863 3229 930 3271 νυν
947 3212 1059 3272 Μυτι-
1073 3212 1109 3269 38

51 3306 184 3384 ληναλοι
214 3301 321 3369 ἐπείτε
344 3302 480 3388 τάχιστα
499 3303 763 3390 παρέλαβον,έξ
739 3302 947 3424 αγαγόντες
963 3305 1062 3372 κατέ

10 3406 195 3484 λευσαυ,
216 3406 362 3551 &BQ
385 3399 475 3470 δε
441 3428 502 3470 τον
522 3405 686 3488 σφέτερον
706 3397 819 3468 αύτων
842 3398 993 3489 άπήκαν·
1016 3420 1128 3630 (ν

10 3504 15 3559 ι
135 3510 225 3548 mon
904 3503 921 3554 θ
