2378 3840
326 175 414 232 ΗΒ.
449 175 485 230 V.
520 173 619 232 cAP.
654 179 795 237 65·---⁶7.
1025 172 1066 236 31

55 337 110 404 καὶ
123 333 302 421 σόμμαχον
317 337 428 414 ξελνον
443 332 542 402 έόντα
556 335 750 419 προσέθετο.
798 338 910 402 Ταῦτα
931 337 985 422 δδ,
1005 341 1062 404 δο-
1079 356 1113 413 67

54 437 146 506 κέειν
159 436 248 521 έμοί,
266 435 416 521 ἐμιμέετο
430 430 667 520 ὁΚλεισθένης
680 426 779 514 οὗτος
789 432 850 503 τόν
861 439 989 506 ἑωυτοῦ
1000 467 1065 528 μη-

53 531 248 620 τροπάτορα
261 534 470 601 Κλεισθένεα
485 527 547 599 τόν
558 536 736 610 Σικυῶνος
753 530 932 619 τύραννον.
963 543 1066 605 Κλει-

54 635 182 718 σθένης
194 628 261 717 γάρ
278 627 455 717 Ἀργείοισι
476 627 666 716 πολεμήσας
684 635 784 698 τοῦτο
804 631 867 718 μέν
887 630 1066 724 ῥαψῳδοὺς

53 737 182 801 ἔπαυσε
202 732 240 798 έν
254 735 407 798 Σικυῶνι
431 724 654 814 ἀγωνίζεσθαι
674 733 742 794 τών
756 726 941 816 Ὁμηρείων
958 731 1066 797 ἐπέων

53 833 201 915 εἵνεκεν,
234 825 287 896 ὅτι
308 825 454 916 Ἀργετοί
474 854 510 896 τε
535 827 590 895 καί
606 824 728 915 ’Ἁργος
756 826 929 899 τὰπολλὰ
954 830 1064 899 πάντα

52 929 233 1020 ὑμνέαται,
252 935 355 997 Ιτοῦτο
376 929 429 1015 δέ,
450 925 579 1015 ἡρώιον
597 925 663 1014 γάρ
684 921 730 1015 ήν
753 932 808 997 καί
829 936 897 999 ἔστι
919 934 956 1000 έν
980 930 1064 1022 αὐτῇ

52 1035 92 1117 τῇ
108 1024 217 1116 ἀγορῇ
231 1032 302 1094 τών
315 1032 519 1095 Σικυωνίων
530 1023 713 1112 Ἀδρήστου
731 1034 793 1095 τοῦ
811 1036 961 1117 Ταλαοῦ,
983 1038 1064 1099 τοῦ·

53 1151 113 1194 τον
135 1121 329 1210 ἐπεθύμησε
349 1120 368 1191 ό
389 1129 599 1211 Κλεισθένης
621 1123 720 1192 έόντα
737 1121 888 1213 Ἀργείον
910 1132 1063 1216 ἐκβαλεῖν

52 1227 89 1293 ἐκ
102 1230 162 1310 τῆς
176 1221 294 1310 χώρης.
317 1218 430 1291 έλθών
448 1223 485 1290 δὲ
500 1225 533 1301 ές
546 1219 706 1308 Δελφοὺς
721 1225 1007 1314 ἐχρηστηριάζετο,
1034 1233 1065 1295 εί

54 1322 191 1414 ἐκβάλοι
203 1319 474 1408 τόνῗίδρηστον·
497 1317 572 1408 ήδδ
583 1327 699 1407 Πυθίη
711 1326 746 1390 οί
758 1328 821 1410 χρᾷ
839 1323 1062 1411 φάσκ’Άδρη-

52 1440 134 1490 στον
144 1419 208 1508 μδν
218 1415 303 1488 εἶναι
314 1424 517 1487 Σικυωνίων
528 1421 681 1506 βασιλέα,
698 1420 827 1488 ἐκεῖνον
838 1422 874 1489 δέ
885 1428 1059 1508 λευστῆρα.

53 1520 123 1588 ἐπεὶ
138 1517 177 1586 δδ
192 1513 212 1584 ὁ
229 1513 311 1595 θεδς
323 1515 425 1585 τοῦτό
437 1541 477 1602 γε
489 1513 533 1586 οὐ
553 1520 755 1604 παρεδίδου,
774 1514 936 1588 ἀπελθών
954 1517 1060 1589 ὀπίσω

52 1615 228 1705 ἐφρόντιζε
240 1611 409 1704 μηχανήν,
431 1621 472 1706 τή
486 1611 587 1696 αὐτὸς
601 1612 620 1684 ὁ
633 1613 814 1702 ’Ἀδρηστος
827 1615 1057 1702 ἀπαλλάξεται.

53 1716 97 1799 ὥς
114 1719 155 1786 δέ
164 1720 199 1786 οί
207 1721 408 1804 ἐξευρῆσθαι
421 1717 551 1802 ἐδόκεε,
571 1720 703 1803 πέμψας
715 1718 748 1797 ές
759 1718 871 1806 Θήβας
883 1716 941 1798 τάς
951 1728 1059 1788 Βοιω-

52 1823 125 1896 τίας
145 1820 210 1903 ἔφη
232 1816 363 1883 ἐθέλειν
383 1816 610 1900 ἐπαγαγέσθαι
626 1813 854 1883 Μελάνιππον
867 1813 928 1885 τόν
944 1815 1060 1886 Ἀστα-

52 1918 134 1985 κοῦ·
162 1917 198 1982 οί
216 1912 252 1981 δὲ
269 1919 409 1999 Θηβαίοι
430 1917 560 1981 ἔδοσαν.
591 1911 841 1999 ἐπαγαγόμενος
862 1914 899 1982 δὲ
918 1910 937 1981 ὁ
959 1921 1059 1983 Κλει-

53 2015 179 2100 σθένης
195 2008 259 2079 τὸν
273 2008 500 2079 Μελάνιππον
523 2009 659 2097 τέμενός
686 2015 720 2080 οί
741 2006 879 2091 ἀπέδεξε
905 2012 943 2079 έν
968 2010 1059 2102 αὐτῷ

54 2118 97 2205 τῷ
118 2113 312 2200 πρυτανηίῳ
337 2113 397 2177 καί
413 2135 473 2195 μιν
493 2111 611 2195 ἵδρυσε
630 2111 779 2178 ένθαῦτα
799 2112 837 2178 έν
857 2116 904 2200 τῷ
924 2114 1060 2197 ἰσχυρο-

53 2209 150 2300 τάτῳ.
175 2205 358 2294 ἐπηγάγετο
374 2206 411 2276 δέ
423 2204 485 2275 τόν
494 2205 722 2297 Μελάνιππον
736 2202 754 2275 ὁ
766 2210 974 2295 Κλεισθένης
989 2209 1059 2298 (καί

52 2305 117 2396 γὰρ
131 2313 232 2374 τοῦτο
250 2308 306 2372 δελ
329 2302 584 2394 ἀπηγήσασθαι)
602 2303 646 2384 ὡς
660 2310 816 2392 ἔχθιστον
831 2304 930 2374 έόντα
940 2303 1059 2393 ’Λδρή-

53 2427 136 2500 στῳ,
149 2401 188 2484 δς
202 2404 263 2473 τόν
273 2429 309 2472 τε
320 2400 488 2490 ἀδελφεόν
501 2407 537 2473 οί
544 2407 720 2492 Μηκιστέα
734 2400 914 2474 ἀπεκτόνεε
928 2399 1058 2472 καὶτὸν

54 2500 207 2595 γαμβρόν
225 2504 343 2573 Τυδέα.
377 2503 485 2571 έπείτε
507 2503 547 2572 δέ
564 2507 599 2573 oc
611 2501 648 2572 τό
664 2508 800 2592 τέμενος
816 2501 969 2590 ἀπέδεξε,
990 2512 1060 2572 θυ-

54 2610 125 2684 σίας
139 2626 177 2670 τε
191 2603 248 2669 καλ
262 2597 364 2688 ὁρτάς
374 2599 557 2691 Ἀδρήστου
573 2600 780 2689 ἀπελόμενος
800 2605 903 2670 ἔδωκε
920 2608 965 2694 τῷ
983 2609 1060 2670 Με-

53 2708 216 2793 λανίππῳ.
245 2704 283 2769 οί
304 2701 341 2770 δὲ
361 2702 550 2771 Σικυώνιοι
575 2702 728 2771 ἐώθεσαν
748 2703 934 2788 μεγαλωστὶ
953 2699 1059 2790 κάρτα

52 2806 152 2889 τιμᾶν
165 2794 435 2886 τόνἍδρηστον·
457 2796 560 2889 ήγάρ
575 2797 667 2887 χώρη
684 2791 728 2886 ήν
741 2797 826 2886 αὕτη
840 2798 1003 2887 Πολύβου
1008 2849 1019 2885 ,
1037 2795 1055 2866 ό

53 2902 86 2969 δὲ
100 2897 286 2986 ’Ἄδρηστος
305 2889 350 2985 ήν
364 2898 527 2985 Πολύβου
550 2901 787 2985 θυγατριδέος,
809 2893 909 2974 ἄπαις
933 2895 970 2964 δὲ
985 2895 1057 2964 Πό-

51 3000 150 3085 λυβος
159 2998 339 3066 τελευτέων
350 3001 441 3064 διδοῖ
449 2991 617 3086 Ἀδρήστῳ
626 2989 812 3081 τήνάρχήυ.
829 2990 871 3059 τά
878 3017 913 3059 τε
923 2990 965 3077 δή
975 2989 1060 3059 ἀλλα

49 3101 81 3166 οί
103 3095 287 3166 Σικυώνιοι
312 3099 444 3185 έτίμεον
466 3092 738 3183 τόν”Αδρηστον,
762 3091 820 3160 καλ
844 3090 886 3179 δή
910 3090 995 3179 πρὸς
1018 3090 1059 3158 τὰ

48 3201 163 3270 αάθεα
177 3194 284 3266 αὐτοῦ
295 3209 480 3283 τραγικοῖσι
490 3209 618 3283 χοροῖσι
630 3196 814 3286 ἐγέραιρον,
826 3188 887 3261 τόν
897 3190 961 3278 μέν
970 3191 1058 3262 Διό·

48 3318 157 3370 νυσον
171 3293 214 3366 οά
228 3299 412 3383 τιμέοντες,
434 3293 496 3364 τδν
515 3297 551 3364 δὲ
557 3293 751 3382 Ἄδρηστον.
798 3290 1006 3377 Κλεισθένης
1021 3289 1058 3359 δὲ

48 3395 173 3489 χοροδς
187 3400 251 3485 μέν
263 3403 310 3489 τῷ
324 3396 484 3490 Διουόσμ
495 3393 662 3482 ἀπέδωκε,
684 3392 746 3482 τήν
759 3396 795 3462 δέ
809 3389 916 3480 ἀλλην
930 3398 1057 3474 θυσίην
