2378 3840
134 450 279 538 βωθέειν
311 444 417 515 καί
379 473 420 514 τα
435 446 579 531 μάλιστα
595 443 788 529 ἐπαμύνειν.
821 446 881 509 καί
895 459 964 527 σφι
984 439 1056 528 ἤδη
1071 443 1151 509 στεί-

134 568 232 634 χουσι
247 549 452 614 ἐπιτίθενται
470 546 503 610 ot
520 539 775 627 ἀντιταχθέντες
789 537 966 627 Ἑλλήνων
980 546 1057 607 τών
1077 534 1151 626 μετέ

135 648 289 737 βασιλέος
298 640 531 729 γενομένων
503 659 588 708 ωστε
598 643 714 726 μηκέτι
725 639 898 707 δυνασθαι
911 640 1101 722 βωθῆσαι
1120 634 1150 704 τό

135 744 201 834 γὰρ
217 741 462 829 προσκείμενόυ
477 760 582 826 σφεας
597 736 725 806 ἐλύπεε.
747 737 837 805 οὕτω
854 735 895 824 δή
909 740 1151 824 μουνωθέντες

135 836 396 926 Λακεδαιμόνιοι
408 841 464 906 καί
478 844 646 923 Τεγεῆται,
658 836 768 914 ἐόντες
779 832 844 903 σὺν
856 844 991 916 ψιλοῖσι
1003 831 1150 923 ἀριθμόν

135 944 171 1008 os
181 941 243 1026 μὲν
257 937 544 1024 πεντακισμύριοι,
559 941 717 1022 Τεγεῆται
728 935 765 1001 δέ
773 939 949 1021 τρισχίλιοι
964 927 1085 1023 (οὗτοι
1094 928 1149 1019 γὰρ

136 1035 267 1124 οὐδαμὰ
278 1033 525 1124 ἀπεσχίζοντο’
506 1059 571 1103 απο
560 1032 886 1120 Λακεδαιμονίων),
901 1033 1147 1120 ἐσφαγιάζοντο

137 1137 180 1217 ώς
191 1140 435 1224 συμβαλέοντες
447 1140 632 1227 Μαρδονίῳ
644 1138 700 1203 καὶ
709 1141 749 1222 τῆ
759 1141 897 1223 στρατιῇ
907 1141 950 1223 τῇ
963 1134 1146 1223 παρεοόσρ

135 1235 191 1305 καὶ
201 1231 243 1301 οά
253 1233 318 1319 γάρ
329 1254 391 1320 σφι
404 1237 530 1320 ἐγένετο
541 1231 582 1301 τά
595 1233 722 1320 σφάγια
732 1233 869 1320 χρησταί,
882 1233 1034 1302 έπιπτόν
1045 1261 1084 1302 τε
1094 1229 1146 1300 αά

134 1342 203 1403 τών
218 1336 255 1402 έν
266 1333 375 1425 τοότφ
386 1341 433 1424 τῷ
443 1333 554 1425 χρόνῳ
566 1335 684 1401 πολλοὶ
696 1336 751 1401 καὶ
761 1339 874 1425 πολλῷ
889 1339 1042 1412 πλεῦνες
1053 1336 1147 1420 έτρω

136 1438 324 1519 ματίζουτο·
355 1431 540 1518 φράξαντες
554 1429 620 1517 γὰρ
637 1428 677 1498 τά
693 1434 796 1520 γέρρα
812 1435 846 1499 οἱ
856 1433 990 1517 Πέρσαι
1008 1427 1147 1499 ἀπίεσαν

135 1540 203 1602 τών
214 1531 428 1618 τοξευμάτων
439 1529 546 1601 πολλά
557 1529 731 1618 ἀφειδέως,
743 1528 833 1599 οὕτω
845 1529 928 1598 ώστε
939 1532 1145 1617 πιεζομένων

135 1637 203 1697 τών
216 1633 455 1715 Σπαρτιητέων
469 1629 524 1696 καὶ
540 1634 608 1695 τών
625 1634 780 1715 σφαγίων
795 1625 836 1695 οὐ
853 1631 1053 1713 γινομένων
1067 1624 1145 1694 ἀπο

134 1731 304 1817 βλέψαντα
318 1726 379 1797 τόν
389 1735 589 1816 Παυσανίην
601 1727 685 1816 πρὸς
698 1725 735 1796 τὸ
746 1727 884 1815 Ἡραίου
897 1725 934 1796 τό
946 1733 1144 1798 Πλαταιέων

134 1832 396 1898 ἐπικαλέσασθαι
407 1827 470 1917 τήν
480 1824 576 1914 θεόν,
585 1834 759 1915 χρηίζοντα
770 1832 929 1914 μηδαμῶς
940 1847 1057 1915 σφεας
1068 1843 1144 1911 φευ-

87 1942 121 2000 62
136 1934 261 2013 σθῆναι
276 1933 334 2012 τῆς
350 1929 489 2005 ἐλπίδος.
517 1934 629 1994 Ταῦτα
641 1923 673 1993 δ’
688 1931 735 1994 ἔτι
745 1925 869 1993 τούτου
880 1927 1142 2015 ἐπικαλεομένου

134 2024 440 2109 προεξαναστάντες
456 2025 613 2111 πρότεροι
635 2027 670 2090 ol
685 2029 841 2108 Τεγεῆται
857 2021 1004 2111 ἐχώρεον
1019 2028 1057 2104 ές
1072 2023 1143 2104 τούς

134 2120 342 2209 βαρβάρους,
364 2125 419 2191 καί
432 2136 518 2191 τοῖσι
534 2125 827 2209 Λακεδαιμονίοισι
844 2118 963 2190 αὐτίκα
978 2124 1068 2212 μετὰ
1088 2125 1144 2213 τήν

135 2215 236 2305 εὐχήν
246 2215 515 2305 τήνΠαυσανίεω
523 2223 649 2307 ἐγίνετο
659 2221 860 2305 θυομένοισι
871 2217 911 2288 τὰ
921 2222 1057 2309 σφάγια
1068 2249 1144 2311 χρη-

134 2319 204 2385 σιά.
235 2313 279 2395 ὥς
294 2318 331 2384 δὲ
345 2319 455 2410 χρόνω
472 2319 548 2386 κοτέ
568 2321 715 2405 ἐγένετο,
742 2316 885 2406 ἐχώρεον
907 2322 963 2388 καὶ
980 2313 1082 2392 οὗτοι
1097 2324 1145 2392 έτδ

133 2412 213 2493 τούς
222 2417 365 2501 Πέρσας,
381 2419 437 2484 καί
447 2420 482 2484 ol
489 2419 617 2502 Πέρσαι
627 2413 734 2483 ἀντίοι
748 2413 789 2483 τά
799 2416 878 2496 τόξα
888 2421 1056 2503 μετέντες.
1080 2424 1145 2507 έγί·

129 2541 204 2584 νετο
221 2514 259 2584 δὲ
267 2521 402 2602 πρώτον
411 2514 537 2606 περὶτά
546 2517 650 2607 γέρρα
659 2517 754 2606 μάηη.
776 2511 1148 2597 ώςδδταῦταέπεπτώ-

128 2642 183 2682 κεε
185 2615 272 2733 ,ήδη
285 2613 445 2701 έγίυετοή
459 2616 546 2702 μάχη
562 2617 681 2704 ίσχυρή
696 2612 777 2706 παρ’
792 2615 874 2686 αὐτὰ
893 2615 930 2686 τό
949 2618 1150 2709 Δημήτριον

130 2714 185 2783 καὶ
205 2713 330 2796 χρόνον
351 2715 391 2781 έπ
392 2713 567 2802 λπολλδυ,
589 2712 659 2794 έςὸ
678 2711 838 2784 ἀπίκοντο
853 2718 886 2795 ές
904 2713 1083 2804 ώθισμόν·
1103 2718 1144 2789 τά

129 2806 194 2895 γὰρ
217 2808 364 2895 δούρατα
389 2813 693 2901 ἐπιλαμβανόμενοι
714 2817 883 2884 κατέκλων
905 2820 940 2884 οί
958 2816 1142 2908 βάρβαροι.

128 2907 248 2994 λήματι
262 2911 325 2994 μέν
345 2936 412 2979 νυν
426 2915 482 2980 καὶ
502 2911 598 3033 ῥώμη
614 2909 676 2979 οὐκ
697 2914 833 2992 έσσονες
847 2906 935 3001 ήσαν
948 2919 984 2983 οί
997 2922 1143 3006 Πέρσαι,

129 3008 270 3077 ἀυοπλοι
285 3011 321 3078 δὲ
336 3011 448 3091 ἐόντες
462 3014 518 3081 καὶ
533 3009 617 3098 πρός
632 3009 893 3100 ἀνεπιστήμονες
903 3005 991 3100 ήσαυ
1005 3013 1121 3085 καὶ’
1079 3043 1144 3084 ουκ

128 3103 239 3195 δμοίοι
258 3122 343 3178 τοίσι
357 3112 538 3181 ἐναντίοισι
555 3117 687 3197 σοφίην.
720 3115 994 3199 προεξαΐσσοντες
1010 3115 1049 3180 δὲ
1064 3113 1141 3182 κατ’

129 3208 189 3275 ἕνα
200 3211 256 3277 καὶ
267 3210 363 3296 δέκα,
379 3214 433 3278 καλ
449 3214 591 3289 πλεῦνές
601 3234 635 3276 τε
647 3211 702 3276 καὶ
716 3211 893 3289 έλάσσουες
904 3216 1143 3303 συστρεφόμε-

128 3332 199 3395 νοι,
225 3309 401 3375 ἐσέπιπτον
425 3312 457 3389 ἐς
480 3305 560 3388 τούς
579 3308 792 3396 Σπαρτιήτας
812 3311 867 3378 καί
886 3314 1130 3399 διεφθείροντο

80 3421 115 3476 63
132 3412 182 3495 Τῇ
198 3406 234 3474 δὲ
250 3402 407 3497 ἐτύγχανε
422 3403 523 3486 αὐτὸς
537 3402 603 3475 ἐών
618 3408 815 3494 Μαρδόνιος
829 3404 889 3478 ἀπ’
902 3411 1009 3478 ἵππου
1019 3437 1057 3480 τε
1074 3441 1136 3496 μα-

134 187 198 251 ³18
515 185 768 244 HERODOTI
1167 39 1182 145 Ι

86 367 117 422 ⁶1
137 347 321 419 ἐσακούειν.
358 353 471 414 Ταῦτα
488 348 522 412 οί
536 341 711 429 Ἀθηναῖοι
727 367 773 420 ως
786 337 1031 428 ἐπύθοντο,
1007 344 1151 428 ωρμὲατο
