2378 3840
314 208 399 264 ΗΒ.
432 207 491 263 vn.
526 203 625 262 σαν.
659 211 845 274 ευμεν.
1013 199 1074 264 149

69 394 135 438 νυν
154 390 327 456 γινομενοι
344 361 445 433 οὐδὲν
466 366 584 450 κέρδος
605 366 689 450 μέγα
710 358 792 449 ἡμίν
811 362 1071 452 προσβάλλουσι,

69 464 318 538 δικαιοταιοιδλ
328 464 500 551 γινομενον
510 457 619 532 οἷοίτε
630 459 839 548 δηλησασθαι
850 461 999 548 μεγαλοις
1010 489 1072 550 την

68 564 133 654 σὴν
147 559 305 650 στρατιὴν
320 569 479 650 γίνονται.
509 562 543 640 ές
556 556 673 646 θυμόν
688 552 736 627 όν
746 558 985 645 βάλλευκαδ
953 587 988 628 το
1007 585 1072 628 πα-

69 659 167 731 λαιόν
181 657 297 740 ἔπορ’
275 685 320 739 ας
334 653 374 728 εό
390 669 536 747 εἴρηται,
540 658 577 728 τό
593 656 638 746 66
650 655 718 745 ἅμα
729 655 813 747 άρχῇ
826 665 895 727 πάν
905 661 997 740 τέλος
1011 688 1072 728 κα-

71 787 158 849 παφα
159 767 302 830 ί.νεσθαι
318 756 395 846 Ἀμε
396 765 501 847 ίβεται
511 781 595 846 προς
604 782 708 829 ταυτα
718 759 855 845 Ξέρξης
880 756 1070 848 Ἀρτάβανε,
1086 777 1119 829 5²

70 867 137 927 τῶν
152 855 328 946 ἀπεφήναο
349 857 512 944 γνωμέων
527 854 691 943 σφάλλεαι
712 853 795 925 κατά
810 858 936 945 ταύτην
951 856 990 945 66
1007 860 1073 944 μά-

68 966 179 1040 λιστα,
204 953 372 1035 mamae
402 953 524 1037 φοβέαι
552 951 597 1042 μὴ
618 955 844 1042 μεταβάλωσι,
872 963 940 1024 τῶν
957 963 1073 1043 ἔχομεν

67 1062 185 1176 γνῶμα
198 1059 365 1142 μέγιστον,
378 1061 446 1123 τῶν
457 1054 502 1122 σύ
511 1078 548 1122 τε
557 1053 685 1141 μάρτυς
695 1058 803 1139 γίνεαι
817 1057 916 1122 καλοί
928 1073 1071 1141 συστρα-

66 1153 268 1240 τευσάμενοι
283 1157 417 1245 Δαρείφ
433 1151 528 1221 ἄλλοι
545 1153 597 1220 ἐπὶ
612 1150 769 1236 Σκύθας,
794 1150 845 1220 ὅτι
861 1155 912 1221 ἐπὶ
927 1153 1073 1220 τούτοισι

66 1282 89 1341 6
107 1260 197 1320 πασα
210 1249 359 1339 Περσικὴ
380 1249 514 1338 στρατιὴ
533 1251 664 1337 ἐγένετο
685 1253 881 1369 διαφθεῖραι
903 1254 957 1319 καί
977 1276 1073 1338 περι-

68 1357 215 1438 ποιῆσαι,
222 1353 257 1418 oc
266 1351 302 1418 66
311 1349 531 1435 δικαιοσύνην
539 1349 594 1417 καί
603 1347 782 1434 πιστότητα
790 1350 996 1437 ένέδωκαν,”
976 1376 1072 1436 αχαρι

69 1449 106 1516 δὲ
122 1445 230 1516 οὐδέν.
254 1446 410 1534 πάρεξδλ
423 1447 563 1532 τούτου,
577 1442 817 1536 έντῇὴμετέρμ
831 1449 1072 1525 καταλιπόντας

67 1551 169 1616 τέκνα
182 1572 218 1613 τε
231 1549 286 1614 καλ
297 1559 459 1634 γυναῖκας
469 1548 523 1614 καὶ
534 1545 684 1633 χρήματα
695 1540 770 1621 οὐδ’
784 1547 995 1633 ἐπιλέγεσθαι
1009 1537 1070 1632 666

68 1645 235 1733 νεώτερόν
244 1670 276 1714 τι
287 1643 447 1734 ποιήσειν.
461 1643 550 1712 οὕτω
560 1645 644 1731 6666
656 1649 754 1712 τοῦτο
770 1645 890 1729 φοβέο,
910 1643 994 1713 άλλά
1004 1655 1073 1712 θν-

70 1743 136 1834 μόν
151 1750 235 1830 ἔχων
250 1741 383 1830 ἀγαθὸν
397 1748 483 1825 σῶζε
493 1741 590 1810 οἶκόν
605 1766 640 1809 τε
653 1739 714 1809 τόν
730 1739 811 1828 έμόν
824 1746 880 1811 καὶ
890 1749 1073 1826 τυραννίδα

68 1840 130 1930 τὴν
142 1841 241 1928 ἐμήν·
260 1843 313 1909 σοί
323 1839 389 1930 γάρ
400 1837 466 1928 έγό
476 1839 592 1932 μοόνφ
604 1841 640 1908 ἐκ
651 1837 788 1908 πάντων
800 1849 949 1929 σκῆπτρα
959 1841 999 1909 τά
1011 1840 1072 1928 έμά

69 1938 246 2024 ἐπιτράπω.

156 2047 268 2106 Ταῦτα
279 2047 378 2118 ἐέπας
393 2045 449 2107 καλ
467 2035 672 2127 Ἀρτάβανον
692 2033 887 2118 ἀποστείλας
910 2040 942 2118 ές
956 2047 1072 2108 Σοῦσα
1085 2048 1119 2102 53

68 2137 209 2222 δεύτερα
228 2139 455 2222 μετεπέμψατο
470 2138 592 2222 ,Ξέρξης
607 2136 766 2221 Περσέων
785 2131 864 2221 τούς
885 2135 1071 2224 δοκιμωτά-

69 2260 162 2314 τους·
188 2237 256 2304 έπελ
273 2239 358 2304 δέί
323 2261 342 2302 ο
376 2242 547 2322 παρῆσαν,
563 2236 659 2319 έλεγέ
676 2253 737 2318 σφι
757 2229 851 2300 τάδε·
875 2226 914 2302 Ὠ
933 2239 1070 2322 Πέρσαι,

67 2332 169 2404 τόνδ’
182 2331 246 2454 666
258 2331 371 2421 ὑμέων
384 2339 526 2422 χρηίζων
541 2336 716 2416 συνέλεξα,
732 2328 859 2415 ἄνδρας
869 2357 905 2399 τε
916 2338 1071 2419 γίνεσθαι

68 2430 221 2521 ἀγαθοὺς
231 2429 337 2529 καὶμὴ
351 2430 584 2519 καταισχύνειν
594 2457 634 2498 τα
623 2427 778 2516 πρόσθε
791 2432 976 2519 ἐργασμένα
982 2435 1072 2517 Περ

67 2551 161 2622 σῃσι,
179 2530 277 2598 έόντα
291 2530 420 2616 μεγάλα
433 2555 470 2599 τε
483 2531 539 2597 καλ
555 2535 682 2596 πολλοῦ
697 2527 789 2612 άξια,
804 2525 877 2595 ἀλλ’
892 2524 938 2608 εἷς
948 2556 983 2596 τε
994 2531 1072 2596 ἔκα-

66 2650 144 2708 στος
161 2632 218 2697 καί
238 2633 273 2696 ολ
291 2627 480 2714 σόμπαντες
499 2631 696 2713 προθυμίην
716 2629 858 2709 ἔχωμεν·
887 2624 990 2704 ξυνόν
1006 2622 1072 2713 γάρ

66 2734 165 2795 τοῦτο
181 2733 261 2794 πᾶσι
276 2722 411 2812 άγαθὸν
428 2725 615 2792 σπεύδεται
643 2712 802 2790 τῶνδεὲ
767 2725 802 2790 66
823 2725 952 2792 εινεκεν
965 2748 1072 2812 προα-

65 2823 198 2912 γορεύω
219 2820 416 2911 ἀντέχεσθαι
429 2848 491 2891 του
475 2825 656 2909 πολέμου
676 2822 964 2909 ἐντεταμένως·
941 2852 987 2903 ως
1006 2823 1070 2912 γάρ

66 2921 131 3011 ἐμοὶ
151 2922 388 3010 πυνθάνομαι,
414 2919 467 2991 ἐπ’
488 2919 615 3042 άνδρας
636 2921 888 3041 στρατευόμεθα
908 2920 1070 3009 ἀγαθοὺς,

65 3028 133 3090 τῶν
149 3016 193 3107 ἢν
207 3019 442 3144 κρατήσωμεν,
463 3016 505 3087 οὐ
519 3018 564 3106 μή
584 3045 633 3097 τις
647 3014 728 3107 ἡμίν
743 3017 842 3098 ἄλλος
856 3014 994 3108 στρατός
1009 3016 1070 3086 άν-

65 3127 158 3208 τιστῇ
172 3117 277 3188 κοτὲ’
258 3119 462 3207 ανθρώπων.
485 3146 551 3186 νυν
565 3119 602 3186 δ
613 3118 838 3206 διαβαίνωμεν
853 3119 1070 3206 ἐπευξάμενοι

65 3231 150 3285 τοῖσι
165 3227 290 3303 θεοῖσι,
308 3225 344 3286 οδ
353 3223 559 3307 Περσίδα
516 3244 581 3305 μην
597 3216 780 3304 λελόγχασι.

152 3313 286 3402 Ταυτην
296 3314 404 3401 μέν
368 3343 430 3404 την
440 3310 569 3404 ημέρην
579 3316 864 3400 παρεσκευάζοντο
880 3314 957 3396 ές
922 3344 983 3405 την
994 3318 1068 3385 δια
1082 3323 1117 3376 54

64 3423 174 3499 βασιν,
192 3413 279 3500 τῇδέ
288 3408 670 3503 ὑστεραίφάνέμενον
637 3412 804 3499 τονῆλιυν
815 3416 1014 3493 έθέλοντεςί
1000 3417 1068 3484 ἰδέ·-

1092 3582 1122 3620 Ι
