2378 3840
331 186 419 242 LIB.
450 184 498 240 vl.
531 184 629 241 cAP.
661 189 802 243 «λδ-35.
1026 177 1069 244 73

64 347 237 433 Σηλυβρίη
256 367 294 412 τε
308 345 364 411 καλ
381 340 575 423 Βυζάντιον.
615 340 791 421 Βυζάντιοι
812 341 874 427 μίν
887 365 954 408 νυν
967 339 1069 408 καλοί

61 446 213 533 τίρηθευ
221 441 446 529 Καλχηδόνιοι
458 438 532 510 οὐδ’
549 440 734 528 ύπέμειυαυ
750 439 976 520 ἐπιπλόοντας
988 435 1070 518 τούς

62 548 239 628 Φοίνικας,
263 536 337 609 ἄλλ’
356 548 485 626 οίχοντο
505 537 726 617 ἀπολιπόντες
740 536 802 626 τήν
822 539 988 627 σφετέρην
1003 543 1068 606 ἐσυ

61 636 167 721 ἐςτδν
176 637 343 720 Εὔξεινον
353 638 490 726 πόντον,
506 639 561 707 καὶ
572 640 722 706 ἐνθαῦτα
733 637 833 706 πόλιν
845 642 1069 724 Μεσαμβρίην

61 748 206 824 οίκισαν,
221 740 257 806 οί
265 737 302 806 δέ
312 742 468 817 Φοίνικες
478 736 746 815 κατακαύσαντες
758 736 881 816 ταύτας
891 734 950 815 τὰς
960 733 1070 821 χώρας

59 833 121 916 τάς
141 841 401 921 καταλεχθείσας
414 833 598 922 τράπονται
617 835 674 902 ἐπί
693 858 729 901 τε
749 833 994 919 Προκόννησον
1014 833 1070 899 καὶ

10 988 12 1033 ,
56 934 240 1024 Ἀρτάκην,
254 937 336 1020 πυρὶ
347 939 384 1004 δὲ
394 938 450 1004 καὶ
460 936 582 1015 ταύτας
596 940 769 1021 νείμαντες
784 940 915 1003 ἔπλωον
930 929 1025 1013 αύτις
1037 935 1070 1012 ἐς

58 1034 125 1124 τήν
137 1033 356 1121 Χερσόνησον
380 1034 610 1122 ἐξαιρήσοντες
630 1032 689 1111 τὰς
710 1035 902 1112 ἐπιλοίπους
922 1040 990 1101 τόν
1006 1056 1070 1100 πο-

59 1142 162 1223 λίων,
179 1132 259 1214 ὅσας
273 1135 439 1224 πρότερον
452 1135 675 1222 προσσχόντες
689 1131 731 1201 ού
746 1137 943 1222 κατέσυραν.
966 1137 1019 1203 ἐπὶ
1033 1133 1069 1203 δδ

59 1232 213 1315 Κύζικον
229 1229 308 1302 ούδέ
324 1238 478 1302 ἐπλωσαν
492 1230 613 1320 άρχήν·
636 1228 730 1300 αὐτοὶ
744 1230 810 1319 γάρ
826 1233 1008 1319 Κυζικηνοὶ
1022 1236 1070 1299 ἐτι

60 1328 230 1418 πρότερον
242 1336 304 1397 τού
315 1336 485 1399 Φοινίκων
497 1330 642 1399 ἐσπλόου
652 1330 852 1416 ἐγεγόνεσαν
862 1327 928 1398 ύπδ
941 1337 1073 1416 βασιλέα

62 1427 208 1517 Οίβάρεα
224 1434 271 1520 τῷ
287 1429 492 1516 Μεγαβάζου
512 1425 796 1514 ὁμολογήσαντες,
817 1433 863 1516 τῷ
878 1427 914 1492 ἐν
929 1435 1070 1493 Δασκυ-

60 1533 142 1619 λείιμ
152 1522 301 1618 ὑπάρχῳ.
323 1533 381 1613 τής
392 1525 428 1595 δέ
438 1526 668 1615 Χερσονήσου,
682 1520 771 1611 πλήν
781 1527 929 1612 Καρδίης
942 1523 1068 1610 πόλιος,

61 1620 123 1702 τδς
136 1620 239 1702 ἄλλας
251 1623 359 1703 πάσας
375 1625 593 1710 ἐχειρώσαντο
608 1630 642 1694 οί
653 1631 817 1702 Φοίνικες.

144 1717 364 1808 Ἰδτυράννευε
381 1725 418 1792 δέ
435 1721 564 1792 αύτέων
576 1726 671 1808 μέχρι
684 1723 759 1790 τότε
769 1722 956 1808 Μιλτιάδης
972 1719 989 1789 ὁ
1005 1727 1068 1788 Κί-
1084 1731 1119 1784 34

61 1846 176 1910 μωνος
188 1826 251 1887 τοῦ
267 1823 507 1908 Στησαγόρεω,
523 1824 732 1910 κτησαμένου
748 1819 811 1909 τήν
825 1819 931 1909 άρχήν
945 1822 1071 1907 ταύτην

61 1917 230 2009 πρότερον
240 1920 434 1991 Μιλτιάδεω
448 1928 509 1990 τοῦ
525 1925 686 2002 Κυψέλου
699 1920 812 2013 τρόπῳ
825 1925 959 2012 τοιῷδε·
982 1919 1070 2006 εἶχον
1116 1994 1126 2009 ‚

61 2017 235 2104 Δόλογκοι
249 2017 391 2106 Θρήικες
405 2018 467 2107 τήν
476 2019 695 2107 Χερσόνησον
708 2019 843 2106 ταύτην.
866 2010 960 2087 ούτοι
974 2010 1024 2086 όν
1038 2021 1074 2085 οί

61 2114 234 2203 Δόλογκοι
244 2120 438 2197 πιεσθέντες
449 2120 581 2209 πολέμῳ
595 2115 658 2186 ὑπ’
674 2114 858 2200 Ἀψινθίων
869 2118 902 2195 ἐς
912 2116 1073 2204 Δελφούς

62 2220 217 2302 ἐπεμήαν
236 2212 316 2292 τούς
330 2219 485 2300 βασιλέας
502 2218 577 2303 περὶ
593 2221 654 2283 τοῦ
669 2219 817 2302 πολέμου
832 2218 1067 2302 χρησομένους.

61 2310 83 2401 ή
101 2312 139 2380 δέ
152 2316 269 2398 Πυθίη
287 2330 348 2397 σφι
363 2309 473 2382 ύνείλε
489 2311 638 2400 οἰκιστήν
656 2313 840 2398 ἐπάγεσθαι
858 2315 910 2381 ἐπὶ
926 2310 988 2400 τήν
1004 2311 1071 2398 χό-

63 2434 130 2499 ρηυ
144 2414 282 2496 τούτου,
303 2407 341 2488 δς
360 2408 404 2478 άν
420 2409 525 2497 σφεας
539 2409 699 2489 ἀπιόντας
718 2414 755 2479 ἐκ
775 2419 836 2480 τοῦ
850 2417 927 2500 ίροῦ
941 2418 1072 2498 πρῶτος

63 2510 118 2577 ἐπὶ
132 2510 237 2588 ξείνια
256 2511 390 2598 καλέση.
418 2510 526 2588 ἰόντες
540 2508 576 2577 δέ
592 2515 626 2578 οί
640 2510 809 2594 Δόλογκοι
823 2507 885 2596 τήν
898 2507 975 2595 ίρήν
990 2505 1072 2575 ὁδόν

64 2601 121 2674 διὰ
136 2608 285 2672 Φωκέων
297 2629 334 2672 τε
352 2608 407 2673 καὶ
421 2613 580 2675 Βοιωτῶν
598 2604 699 2692 ήισαν
713 2611 773 2673 καί
784 2623 888 2692 σφεας
904 2602 948 2684 ὡς
963 2603 1072 2684 οὐδεὶς

63 2701 190 2788 ἐκάλεε,
203 2700 422 2789 ἐκτράπονται
434 2703 485 2773 ἐπ’
500 2703 679 2791 Ἀθηνέων.
714 2701 768 2771 Ἐν
779 2705 816 2771 δέ
825 2711 900 2793 τήσι
910 2701 1071 2794 Ἀθήνησι
1085 2720 1121 2776 3⁵

63 2798 248 2889 τηνικαῦτα
268 2798 333 2888 είχε
353 2801 416 2889 μὲν
433 2801 471 2871 τδ
493 2810 561 2871 πᾶν
579 2801 701 2890 κράτος
714 2807 967 2889 Πεισίστρατος,
989 2798 1072 2887 άτάρ

65 2898 267 2970 ἐδυνάστευε
286 2902 342 2969 καὶ
358 2903 547 2988 Μιλτιάδης
568 2898 586 2968 ὁ
602 2903 781 2984 Κυψέλου,
808 2897 874 2969 ἐύν
894 2905 998 2986 οίκίης
1017 2924 1073 2967 τε-

63 2993 344 3086 θριπποτρόφου,
358 2997 399 3067 τά
414 2999 476 3086 μὲν
491 2996 659 3067 ἀνέκαθεν
674 2994 732 3065 ἄπ’
749 3002 880 3066 Αἰακοῦ
894 3021 930 3065 τε
944 2998 999 3063 καὶ
1009 3001 1073 3064 Λί-

64 3100 162 3182 γίνης
174 3091 339 3183 γεγονός,
360 3097 400 3164 τά
416 3099 453 3164 δέ
470 3095 616 3182 νεύτερα
633 3093 827 3182 Ἀθηναῖος,
848 3097 991 3162 Φιλαίου
1010 3102 1074 3163 τού

68 3199 212 3269 Αἴαντος
231 3191 366 3280 παιδός,
387 3196 573 3281 γενομένου
592 3191 728 3280 πρύτου
752 3199 809 3280 τῆς
826 3196 931 3276 οίκίης
951 3189 1074 3276 ταύτης

65 3290 255 3378 Ἀθηναίου.
282 3283 381 3374 ούτος
399 3290 418 3362 ὁ
433 3294 622 3378 Μιλτιάδης
635 3291 820 3380 κατήμενος
836 3290 874 3357 ἐν
888 3300 974 3358 τοῖσι
987 3311 1073 3374 προ-

66 3390 207 3476 θύροισι
220 3401 306 3457 τοῖσι
320 3393 459 3479 ἑαυτοῦ,
475 3386 582 3476 ὁρέων
591 3387 670 3468 τούς
681 3386 879 3474 Δολόγκους
891 3385 1073 3473 παριόντας
