2378 3840
285 187 371 245 ιον.
405 187 473 244 vm
507 187 606 244 σοι).
635 190 850 258 τιατ-ιω.
1010 183 1074 250 285

71 352 276 435 Αθηναίους,
294 340 566 432 ἀναμνησθέντες
576 350 644 411 τῶν
655 348 779 431 λογίων
791 343 835 426 ῶς
845 364 950 432 σφεας
963 345 1072 434 χρεῶν

70 448 139 517 έστι
156 443 223 532 άμα
235 458 322 513 τοῖσι
336 441 466 511 άλλοισι
477 449 647 526 Δωριεῦσι
665 444 835 512 ἐκπίπτειν
850 447 886 513 ἐκ
897 454 1071 515 Πελοπον-

70 544 176 630 νήσου
191 539 257 610 ὑπδ
273 541 405 628 Μήδων
418 566 453 607 τε
468 543 523 608 καί
536 536 743 627 Ἀθηναίων,
765 541 871 626 κάρτα
889 570 926 612 τε
940 549 1072 612 ἔδεισαν

69 640 114 730 μή
125 640 356 728 ὁμολογήσωσι
365 645 412 731 τῷ
417 641 532 726 Πέρση
542 635 725 727 Ἀθηναῖοι,
734 636 852 708 αὐτίκα
863 645 901 710 τέ
909 661 970 728 σφι
980 645 1072 727 ἔδοξε

68 743 211 825 πέμπειν
226 737 396 826 ἀγγέλους.
424 739 479 806 καὶ
495 733 536 823 δή
552 739 733 805 συνέπιπτε
753 735 836 805 ῶστε
857 736 943 827 ὁμοῦ
958 742 1071 826 σφέων

69 844 223 925 γίνεσθαι
237 835 299 923 τήν
310 836 520 905 κατάστασιν.
544 837 766 922 ἐπανέμειναν
775 834 840 925 γάρ
856 842 890 906 οί
897 836 1070 924 Ἀθηναῖοι

67 940 303 1024 διατρίβοντες,
319 927 359 1004 εὑ
371 935 583 1023 ἐπιστάμενοι
596 933 648 1003 ὅτι
660 940 799 1022 ἔμελλον
810 936 1069 1023 Λακεδαιμόνιοι

67 1034 254 1102 πεύσεσθαι
264 1031 390 1121 ἥκοντα
400 1029 491 1118 παρά
503 1039 564 1100 τοῦ
576 1033 752 1120 βαρβάρου
764 1030 907 1119 άγγελον
922 1031 973 1101 ἐπ’
988 1031 1070 1120 ὁμο·

66 1139 173 1220 λογίη,
191 1130 383 1217 πυθόμενοί
393 1156 428 1199 τε
442 1133 585 1218 πέμψειν
600 1127 682 1199 κατά
694 1130 797 1217 τάχος
806 1129 975 1219 ἀγγέλους.
998 1135 1070 1202 ἐπί-

65 1236 162 1319 τηδες
178 1224 227 1299 ῶν
241 1233 392 1317 ε’ποίευν,
408 1230 659 1319 ἐνδεικνύμενοι
676 1244 760 1299 τοῖσι
775 1235 1069 1318 Λακεδαιμονίοισι

65 1327 128 1417 τήν
142 1331 276 1400 έωυτῶυ
295 1327 444 1416 γυῶμην.
477 1326 536 1408 Ὡς
553 1329 590 1397 δέ
609 1329 774 1397 έπαάσατο
792 1331 901 1415 λέγων
916 1327 1069 1408 Ἀλέξων·
1088 1335 1137 1391 Ιίλ

65 1435 161 1516 δρος,
194 1428 425 1516 διαδεξάμενοι
451 1434 568 1516 ἔλεγον
591 1433 626 1497 οί
646 1424 711 1496 άπὺ
734 1427 893 1515 Σπάρτης
917 1425 1069 1515 ἄγγελοι·

59 1528 179 1615 Ἡμέας
201 1527 237 1597 δέ
259 1533 410 1616 ἔπεμψαν
429 1526 689 1614 Λακεδαιμόνιοι
711 1529 934 1613 δεησομένους
956 1523 1069 1612 ὑμέων

63 1627 145 1714 μήτε
160 1627 325 1713 νεῶτερον
338 1627 466 1694 ποιέειν
480 1628 586 1712 μηδὲν
596 1622 679 1692 κατά
693 1620 756 1712 τήν
764 1621 906 1692 Ἑλλάδα
917 1621 999 1712 μήτε
1010 1623 1068 1691 λό-

63 1748 146 1810 γους
162 1724 357 1792 ένδέκεσθαι
370 1720 461 1810 παρά
477 1729 537 1789 τοῦ
552 1721 736 1809 βαρβάρου.
766 1718 922 1808 οὔτεγὰρ
938 1727 1068 1791 δίκαιον

64 1817 236 1904 οὐδαμῶς,
255 1817 332 1887 οὕτε
345 1819 474 1906 κόσμον
489 1822 595 1905 φέρον
605 1815 648 1886 οὔ
664 1822 698 1886 τί
708 1844 746 1904 γε
761 1814 891 1886 ἄλλοισι
900 1818 1068 1906 Ἑλλήνων

64 1913 257 2003 οὐδαμοῖσι,
280 1913 362 2002 ὑμίν
379 1913 471 2003 δὺδή
492 1918 546 1984 καὶ
567 1913 623 1984 διά
644 1914 781 1984 πάντων
797 1914 914 2003 ήκιστα
933 1923 1068 1984 πολλῶν

64 2017 208 2082 εἵνεκεν·
242 2009 395 2101 ήγείρατε
408 2012 474 2103 γάρ
494 2014 592 2083 τόνδε
605 2010 666 2082 τὸν
686 2012 834 2101 πόλεμον
853 2012 947 2104 ὑμεῖς
968 2011 1068 2082 οὐδέν

62 2109 176 2199 ἡμέων
189 2116 417 2201 βουλομένων,
433 2116 488 2183 καὶ
500 2115 644 2202 περὶτῆς
654 2109 814 2199 ὑμετέρης
829 2109 931 2199 ἀρχῆς
945 2110 963 2181 ὁ
975 2110 1068 2199 άγῶν

62 2211 209 2294 ἐγένετο·
231 2216 297 2276 νῦν
312 2211 348 2279 δὲ
365 2212 460 2297 φέρει
475 2215 531 2280 καί
545 2213 578 2290 ές
591 2217 703 2277 πᾶσαν
716 2207 937 2295 τὴνἙλλάδα.
960 2209 1068 2290 ἄλλως

63 2333 98 2374 τε
112 2307 241 2374 τούτων
258 2305 418 2376 ἁπάντων
438 2315 563 2388 αἰτίους
578 2310 738 2395 γενέσθαι
760 2309 969 2396 δουλοσύνης
982 2324 1069 2378 τοῖσι

63 2404 198 2490 Ἕλλησι
209 2402 410 2491 Ἀθηναίους
426 2405 582 2493 οὐδαμῶς
593 2405 787 2494 ἀνασχετόν,
804 2410 925 2487 οἵτινες
939 2409 1068 2476 αἰεὶκαὶ

62 2501 100 2569 τδ
115 2501 218 2570 πάλαι
231 2510 395 2588 φαίνεσθε
405 2502 551 2583 πολλοὺς
562 2504 850 2589 έλευθερῶσαντες
861 2503 1064 2594 άνθρῶπων.

62 2602 284 2685 πιεζομένοισι
298 2598 443 2687 μέντοι
425 2615 486 2688 νμί
486 2628 507 2670 ν
522 2603 776 2692 συναχθόμεθα,
792 2602 882 2673 nav
861 2631 913 2673 οτι
928 2611 1067 2694 καρπῶν

62 2697 264 2784 ἐστερήθητε
274 2701 375 2778 διξῶν
385 2696 459 2786 ἤδη,
472 2699 558 2769 καλ”
538 2727 619 2768 οτιο
621 2701 857 2788 ίκοφθόρησθε
867 2703 992 2789 χρόνον
1002 2702 1066 2792 ήδη

61 2793 198 2863 πολλόν.
228 2789 302 2862 άντί
321 2795 452 2863 τούτων
473 2794 547 2865 δέ’
529 2811 610 2886 υμῖν
626 2800 890 2886 Λακεδαιμόνιοί
907 2829 943 2872 τε
963 2807 1070 2873 καλοί

61 2890 229 2977 ου’μμαχοι
247 2893 505 2980 ἐπαγγέλλονται
518 2896 681 2982 γυναῖκάς
697 2923 733 2964 τε
747 2898 850 2968 καὶ
814 2927 854 2967 τα
869 2905 902 2980 ές
918 2903 1067 3024 πόλεμον

62 2986 208 3073 άχρηστα
224 3014 243 3055 ο
244 2992 380 3059 ίκετέων
394 2992 535 3080 ἐχόμενα
548 2994 658 3063 πάντα
673 2998 888 3087 ἐπιθρέψειν,
904 2997 1011 3069 ἔστ’
989 2999 1065 3070 ανδ

61 3085 206 3170 πόλεμος
220 3084 277 3154 ὅδε
292 3089 488 3181 σννεστήκη.
511 3095 595 3180 μηδὲ
609 3093 713 3180 ὑμέας
724 3093 967 3187 Ἀλέξανδρος
952 3128 970 3170 ο
986 3108 1066 3169 Μα-

62 3178 212 3249 κεδῶν’
189 3188 385 3277 αναγνῶση,
401 3189 571 3277 λεήνας
536 3217 597 3260 του
611 3197 812 3280 Μαρδονίου
823 3196 935 3284 λόγον.
957 3199 1065 3294 τοάτφ

60 3279 174 3370 μὲν
134 3308 199 3370 γαρ
214 3291 318 3354 ταῦτα
332 3291 468 3376 ποιητέα
483 3294 553 3360 έστί
551 3293 744 3381 ,τύραννος
755 3292 820 3383 γάρ
832 3293 898 3364 έῶν
909 3298 1065 3420 τνράννφ

59 3381 405 3472 συγκατεργάζεται,
387 3403 469 3474 υμίν
483 3393 523 3458 δέ
533 3417 572 3478 γε
587 3418 629 3460 ου
617 3388 789 3480 ’ποιητέα
809 3403 843 3463 εί
851 3417 914 3472 περ
930 3388 970 3463 εὑ
983 3423 1066 3476 τυη-
