2378 3840
322 203 406 258 LIB.
439 202 511 258 v111.
544 202 641 259 CAP.
674 208 815 263 61-65.
1010 203 1074 263 249

138 359 226 445 Ἔφη
238 359 275 426 δέ
284 369 422 437 Δικαῖος
433 356 453 433 ὁ,
462 357 649 436 Θεοκύδεος
660 354 746 444 ἀνήρ
758 356 946 446 Ἀθηναῖος,
958 361 1069 447 φυγάς
1085 379 1119 433 65

64 483 99 524 τε
114 457 168 524 καὶ
183 452 274 541 παρά
286 456 438 542 Μήδοισι
449 454 587 542 λόγιμος
597 455 779 541 γενόμενος
789 462 911 524 τοῦτον
921 454 981 524 τόν
991 459 1070 544 χρό-

65 579 136 637 νον,
156 553 263 619 έπείτε
279 555 421 637 ἐκείρετο
432 550 454 640 ἡ
465 549 593 640 Ἀττικῆ
604 553 695 638 χόρη
707 549 774 621 ὑπὸ
784 561 846 621 τοῦ
857 561 957 635 πεζοῦ
968 575 1069 643 στρα-

63 656 202 718 τοῦτοῦ
219 652 346 736 Ξέρξεω
367 651 470 717 έοῦσα
494 651 615 736 ἕρῆμρς
631 647 838 735 Ἀθηναίων,
863 663 975 736 τυχεῖν
995 651 1069 717 τότε

63 744 129 815 ἐόν
151 746 220 833 ἅμα
241 746 432 838 Δημαρήτῳ
454 754 500 838 τῷ
521 751 775 834 Λακεδαιμονίῳ
799 749 835 814 έν
857 755 903 839 τῷ
920 756 1068 839 Θριασίῳ

63 849 182 936 πεδίῳ,
200 848 285 913 ίδεῖν
300 841 337 910 δδ
356 840 536 929 κονιορτόν
554 846 723 929 χωρέοντα
739 839 804 910 ἀπὸ
823 840 1008 922 Ἐλευσῖνος
1024 840 1068 920 ὡς

63 944 199 1030 ἀνδρῶν
210 943 352 1030 μάλιστά
363 969 406 1031 κη
417 949 634 1031 τρισμυρίων,
654 937 884 1026 ἀποθωμάζειν
907 941 943 1006 τέ
964 960 1069 1027 σφεας

63 1041 123 1109 τόν
138 1037 316 1126 κονιορτόν
335 1038 442 1107 ότεόυ
462 1065 538 1109 κοτε
557 1049 606 1127 είη
621 1037 833 1126 ἀνθρώπων,
855 1039 911 1105 καί
924 1037 1068 1124 πρόκατε

64 1144 180 1225 φωνῆς
194 1136 349 1223 ἀκοόειυ,
373 1144 432 1207 καί
443 1144 477 1208 οί
495 1147 679 1225 φαίνεσθαι
697 1134 761 1221 τήν
775 1133 896 1223 φωνήν
910 1133 993 1204 εἶναι
1008 1132 1068 1202 τὸν

64 1236 228 1328 μυστικόν
248 1248 373 1324 ίακχον.
409 1237 494 1308 εἶναι
510 1235 541 1306 δ’
564 1235 738 1323 ἀδαήμονα
753 1239 924 1323 τῶνίρολν
946 1241 1014 1302 τῶν
1031 1236 1068 1301 έν

59 1339 221 1407 Ἐλευσῖνι
234 1341 422 1425 γινομένων
438 1333 499 1404 τὸν
509 1334 726 1422 Δημάρητον,
744 1338 898 1418 είρεσθαί
905 1357 939 1399 τε
951 1328 1067 1416 αὐτόν,

63 1435 82 1503 ὅ
98 1462 129 1503 τι
143 1432 180 1503 τό
197 1435 435 1522 φθεγγόμενον
451 1443 501 1518 είη
516 1439 632 1500 τοῦτο·
655 1427 756 1508 αὐτός
770 1431 807 1498 δὲ
822 1428 926 1498 είπαι·
945 1429 1067 1516 Δημά-

63 1560 157 1618 ρητε,
182 1530 245 1600 οῦκ
259 1538 328 1601 ἔστι
342 1531 429 1611 ὅκως
446 1528 487 1599 οῦ
501 1535 586 1618 μέγα
601 1556 632 1597 τι
647 1536 740 1608 σίνος
755 1535 845 1597 ἔσται
861 1536 901 1618 τῆ
915 1531 1069 1617 βασιλέος

65 1636 207 1718 στρατιῇ.
230 1631 310 1697 τάδε
322 1628 389 1717 γάρ
401 1628 543 1717 ἀρίδηλα
557 1627 683 1715 έρήμου
698 1626 817 1714 έοῦσης
834 1634 891 1714 τῆς
910 1625 1066 1716 Ἀττικῆς,

62 1726 113 1794 ότι
127 1737 223 1795 θεῖον
237 1726 273 1794 τό
289 1728 543 1814 φθεγγόμενον,
564 1723 630 1793 ἀπό
649 1724 834 1804 Ἐλευσῖνος
848 1724 903 1793 ίόν
918 1728 950 1804 ές
964 1752 1066 1812 τιμω-

62 1830 139 1910 ρίην
152 1821 362 1910 Ἀθηναίοισί
374 1851 409 1892 τε
424 1827 479 1892 καὶ
492 1837 577 1892 τοῖσι
591 1822 801 1908 συμμάχοισι.
825 1827 879 1890 καὶ
894 1821 937 1909 ῆν
951 1827 1013 1909 μέν
1028 1852 1066 1908 γε

61 1923 256 2011 κατασκήψῃ
270 1927 304 2003 ές
316 1923 378 2011 τῆν
391 1925 665 2011 Πελοπόννησον,
681 1927 838 2002 κίνδυνος
848 1923 938 2014 αὐτῷ
953 1952 988 1992 τε
1002 1933 1066 2013 βα-

60 2023 146 2089 σιλέι·
158 2024 213 2089 καί
227 2029 266 2110 τῆ
277 2031 413 2112 στρατιῆ
422 2031 463 2112 τῆ
477 2026 514 2092 ἐν
528 2018 702 2113 τῆήπείρῳ
719 2027 826 2108 ἔσται,
842 2019 886 2109 ῆν
897 2024 933 2091 δὲ
944 2026 996 2092 ἐπὶ
1006 2020 1065 2101 τάς

59 2125 137 2202 νέας
155 2122 318 2209 τράπηται
333 2120 392 2202 τάς
407 2124 445 2191 έν
458 2130 643 2209 Σαλαμῖνι,
667 2118 727 2188 τὸν
745 2119 908 2189 ναυτικόν
922 2122 1064 2210 στρατόν

59 2221 274 2290 κινδυνεύσει
289 2219 446 2309 βασιλεῦς
466 2218 657 2308 ἀποβαλεῖν.
685 2217 747 2304 τήν
766 2217 803 2287 δέ
818 2217 922 2306 ὁρτήν
937 2219 1064 2305 ταύτην

58 2318 177 2404 άγουσι
189 2316 361 2405 Ἀθηναῖοι
373 2315 438 2385 ἀνά
447 2318 558 2385 πάντα
568 2322 642 2385 ἔτεα
652 2324 693 2404 τῆ
700 2318 813 2402 Μητρὶ
823 2317 879 2384 καί
888 2324 928 2405 τῆ
936 2316 1062 2404 Κοάρη,

59 2416 114 2480 καί
126 2411 238 2479 αὐτῶν
251 2437 287 2480 τε
301 2411 319 2479 ὁ
334 2414 542 2501 βουλόμενος
552 2414 607 2482 καί
617 2419 685 2480 τῶν
696 2411 808 2479 ἀλλων
817 2411 986 2500 Ἑλλήνων
996 2438 1063 2499 μυ-

59 2514 143 2579 έεται
165 2511 220 2577 καί
239 2507 302 2594 τῆν
328 2514 464 2596 φωνήν,
493 2517 551 2596 τῆς
572 2508 721 2594 ἀκούεις,
744 2512 782 2576 έν
802 2510 906 2596 ταῦτη
923 2518 963 2598 τῆ
983 2508 1062 2598 ὁρτῆ

60 2608 258 2694 ἰακχάζουσι.
282 2605 372 2694 Πρός
385 2613 490 2674 ταῦτα
502 2612 606 2674 εἰπεῖν
616 2604 838 2691 Δημάρητον·
859 2613 948 2692 Σίγα
961 2611 1061 2675 τεκαὶ

58 2706 176 2793 μηδενὶ
191 2703 280 2794 ἀλλῳ
293 2703 354 2773 τόν
367 2704 471 2790 λόγον
485 2710 607 2771 τοῦτον
621 2713 723 2792 εἴπης.
746 2699 791 2790 ῆν
806 2702 870 2792 γάρ
886 2731 937 2773 τοι
951 2709 984 2785 ές
998 2713 1061 2793 βα-

58 2807 150 2873 σιλέα
167 2802 345 2892 ἀνενειχθῇ
364 2801 405 2871 τά
422 2809 502 2872 έπεα
515 2811 636 2890 ταῦτα,
659 2800 856 2892 ἀποβαλέεις
874 2803 937 2893 τῆν
956 2833 1061 2893 κεφα-

57 2904 137 2991 λήν,
162 2909 221 2972 καί
231 2922 268 2970 σε
290 2900 367 2972 τότε
388 2899 453 2989 έγά
476 2902 662 2988 δυνήσομαι
678 2902 850 2991 ῥύσασθαι
871 2901 943 2972 οῦτῖ
962 2903 1061 2984 ἄλλος

58 3001 251 3089 ἀνθρώπων
265 2999 345 3071 οὐδὲ
365 2998 420 3080 εἷς.
443 2998 518 3071 ἀλλ’
540 2997 587 3086 ἔχ’
606 2999 744 3089 ἥσυχος,
765 3003 841 3088 περὶ
856 3002 893 3070 δὲ
908 3009 1062 3089 στρατιῆς

57 3105 155 3187 τῆσδε
169 3110 278 3168 θεοῖσι
292 3100 435 3187 μελήσει.
462 3098 529 3168 Τόν
544 3101 607 3187 μὲν
621 3099 661 3187 δή
677 3108 781 3169 ταῦτα
792 3105 1003 3190 παραινέειν,
1024 3106 1061 3172 ἐκ

57 3199 93 3266 δὲ
119 3202 181 3264 τοῦ
205 3205 383 3285 κονιορτοῦ
405 3201 540 3288 καὶτῆς
564 3206 680 3286 φωνῆς
699 3201 860 3285 γενέσθαι
885 3202 987 3287 νέφος
1007 3204 1063 3271 καί

56 3296 287 3387 μεταρσιωθὲν
302 3299 469 3386 φέρεσθαι
485 3302 538 3368 έπὶ
552 3308 744 3385 Σαλαμῖνος
757 3299 809 3366 έκὶ
826 3296 864 3368 τὸ
879 3300 1061 3386 στρατόπε-

56 3403 116 3465 δον
138 3395 176 3465 τδ
197 3401 265 3463 τῶν
279 3393 457 3482 Ἑλλήνων.
490 3395 580 3464 οὕτω
594 3399 631 3466 δὲ
651 3393 775 3475 αὐτοῦς
794 3407 937 3482 μαθεῖν,
958 3395 1010 3465 ὅτι
1023 3395 1061 3465 τό
