2378 3840
335 201 421 260 LIB,
453 200 500 256 IX.
535 199 633 257 GAP.
669 204 810 258 40—44.
1005 194 1069 259 &D

63 361 188 450 οάδείς,
204 359 288 430 ὥστε
302 359 436 448 ἐκράτεε
450 365 490 447 τῇ
503 357 636 445 γνάμη·
660 353 695 423 τδ
711 354 776 445 γάρ
794 357 915 445 κράτος
933 357 996 443 είχε
1012 363 1068 443 τῆς

61 467 216 551 στρατιής
225 451 332 537 Ιοὗτος
347 461 383 526 έκ
397 458 560 546 βασιλέος,
577 451 650 522 ἀλλ’
664 452 727 522 οὐκ
740 452 944 543 Ἀρτάβαζος.
968 479 1068 541 μετα·

62 560 277 648 πεμψάμενος
288 550 337 626 όν
348 556 427 637 τοὺς
436 557 631 643 ταξιάρχους
641 561 710 622 τῶν
720 558 843 623 τελέων
854 557 983 624 καὶτῶν
994 551 1065 639 μετ’

61 663 189 728 έωυτοῦ
204 657 331 727 ἐόντων
338 653 509 744 Ἑλλήνων
523 651 603 732 τοὺς
618 651 824 741 στρατηχοάς
841 654 977 741 εἰρώτα,
994 661 1076 719 είτι-

62 763 181 829 είδείεν
201 757 318 844 λόχων
344 757 420 843 περὶ
439 753 599 842 Περσέων
621 749 665 830 ἀς
686 753 946 837 διεφθαρέυνται
970 752 1008 818 έν
1028 755 1068 836 τῇ

56 857 196 927 Ἑλλάδι.
212 852 393 940 σιχεόυτων
409 855 446 924 δέ
459 859 528 922 τόν
542 851 738 937 ἐπικλήτων,
753 857 820 918 τάν
830 851 893 938 μέν
904 847 967 919 οάκ
980 848 1068 918 είδό*

60 982 129 1026 των
142 953 222 1035 τούς
235 952 415 1043 χρησμούς,
430 960 499 1024 τόν
514 955 550 1022 δὲ
565 951 704 1021 εἰδότων
717 948 797 1037 μέν,
814 952 852 1018 ἰυ
865 947 959 1039 ἀδείῃ
975 952 1010 1018 δὲ
1026 946 1068 1016 οίι

60 1055 273 1140 ποιευμένων
292 1050 330 1121 τδ
352 1055 480 1140 λέγειν,
501 1047 603 1129 αὐτὸς
623 1047 819 1137 Μαρδόνιος
839 1054 947 1134 ἔλεγε·
982 1045 1068 1114 Ἐπεὶ

60 1159 178 1221 τοίνυν
190 1149 288 1238 ἀμείς
300 1147 322 1240 ή
333 1160 403 1220 ίστε
420 1147 522 1218 οὐδὲν
536 1145 611 1236 ἢοά
621 1153 762 1234 τολμᾶτε
773 1147 899 1232 λέγειν,
916 1142 989 1214 ἀλλ’
1003 1145 1067 1231 έχά

61 1253 143 1339 έρέω
158 1247 202 1329 ὡς
214 1243 253 1318 εὖ
265 1249 491 1337 ἐπιστάμενος.
511 1255 579 1318 ἔστι
593 1246 710 1334 λόγιον
723 1243 767 1324 ἀς
776 1246 886 1332 χρεόν
900 1247 966 1313 ἐστι
978 1248 1068 1328 Πέρ-

62 1366 121 1426 σας
135 1345 360 1435 ἀπικομένους
373 1351 408 1426 ές
421 1345 484 1434 τήν
496 1345 638 1416 Ἑλλάδα
652 1344 832 1431 διαρπάσαι
843 1340 881 1410 τδ
892 1341 969 1427 ίρδν
980 1339 1017 1409 τὸ
1031 1344 1067 1407 έν

59 1451 241 1531 Δελφοῖσι,
266 1442 347 1531 μετά
370 1445 407 1513 δὲ
431 1442 493 1531 τήν
514 1439 703 1530 διαρπαγήν
723 1438 908 1508 ἀπολέσθαι
929 1440 1064 1518 πάντας.

59 1538 152 1628 ἡμείς
168 1547 287 1610 τοίνυν
309 1539 391 1610 αάτδ
411 1548 511 1609 τοῦτο
534 1540 747 1626 ἐπιστάμενοι
769 1537 847 1607 οὔτε
863 1549 939 1626 ίμεν
960 1541 1012 1607 ἰπὶ
1029 1533 1065 1605 τδ

60 1637 136 1725 ίράν
150 1645 248 1707 τοῦτο
263 1638 341 1708 οὔτε
352 1639 605 1727 ἐπιχειρήσομεν
617 1638 822 1726 διαρπάζειν,
836 1637 960 1726 ταύτης
971 1663 1007 1706 τε
1019 1640 1068 1705 εί-

63 1761 158 1804 νεκεν
168 1743 226 1822 τῆς
236 1741 342 1822 αἰτίης
352 1733 416 1804 οὐκ
427 1733 649 1822 ἀπολεόμεθα.
676 1735 759 1804 δέστε
770 1733 883 1824 ὑμέων
895 1735 970 1804 ὅσοι
986 1762 1068 1820 τυχ-

60 1833 202 1922 χάνουσι
219 1830 337 1904 ,εάνοοι
357 1833 470 1912 ἰόντες
483 1835 647 1922 Πέρσησι,
668 1832 793 1922 ἥδεσθε
813 1839 912 1901 τοῦδε
928 1837 1067 1920 εἵνεκεν,

62 1928 107 2010 ὡς
127 1934 388 2019 περιεσομένους
407 1927 511 2018 ἡμέας
529 1930 707 2018 Ἑλλήνων.
757 1929 870 1998 Ταῦτά
891 1950 952 2017 σφι
975 1939 1068 2009 είπας

61 2029 202 2113 δεύτερα
223 2027 367 2116 έσήμηνε
388 2033 639 2117 παραρτέεσθαί
655 2055 691 2098 τε
710 2029 820 2097 πάντα
837 2031 892 2096 καί
913 2025 1068 2114 εὐκρινέα

60 2131 235 2196 ποιέεσθαι
248 2124 292 2206 ὡς
306 2125 375 2214 ἅμα
389 2126 495 2218 ἡμέρῃ
509 2136 549 2218 τή
564 2131 703 2218 έπιοάση
718 2136 887 2217 συμβολῆς
898 2129 1066 2215 ἐσομένης.

64 2232 194 2293 Τοῦτον
216 2222 247 2292 δ’
267 2231 372 2312 έγωγε
388 2223 449 2295 τὸν
469 2225 636 2315 χρησμὸν,
659 2225 720 2296 τάν
734 2226 932 2316 Μαρδόνιος
949 2225 1019 2294 εἷπε
1034 2229 1066 2305 ές
1084 2244 1117 2299 λθ

61 2325 192 2409 Πέρσας
207 2327 311 2409 ἔχειν,
327 2325 360 2402 ές
377 2321 561 2412 Ἰλλυριούς
580 2329 684 2394 τεκαί
700 2322 760 2393 τόν
772 2322 951 2412 Ἐγχέλεων
966 2344 1069 2413 στρα·

61 2417 122 2486 τόν
138 2417 211 2486 οἰδα
222 2423 466 2508 πεποιημένον,
483 2419 558 2491 ἀλλ’
571 2419 633 2490 οὐκ
648 2424 681 2501 ές
692 2427 833 2512 Πέρσας.
857 2420 942 2492 ἀλλά
953 2420 993 2490 τά
1006 2421 1068 2508 μέν

61 2518 186 2586 Βάκιδί
196 2519 265 2586 ἐστι
281 2521 314 2598 ές
327 2521 454 2607 ταύτην
468 2521 530 2608 τήν
544 2523 653 2608 μάχην
667 2526 892 2610 πεποιημένα,

108 2613 181 2703 Τήν
193 2612 225 2683 δ’
243 2617 297 2685 έπί
312 2617 529 2706 Θερμώδοντι
543 2621 597 2687 καὶ
612 2616 747 2712 Ἀσωπῷ
764 2627 916 2709 λεχεποίη

99 2711 269 2799 Ἑλλήνων
284 2715 434 2784 σάνοδον
451 2720 506 2785 καὶ
520 2716 791 2805 βαρβαρόφωνον
805 2717 915 2806 ίῢχήν,

109 2818 156 2900 Τή
171 2815 288 2880 πολλοὶ
301 2818 477 2884 πεσέονται
490 2814 576 2904 ὑπὲρ
589 2814 737 2902 Λάχεσίν
750 2841 786 2884 τε
800 2818 908 2905 μόρον
925 2844 960 2886 τε

107 2912 312 3000 Τοξοφόρων
327 2914 477 3003 Μήδων,
493 2916 575 2986 όταν
592 2926 727 3002 αίσιμον
744 2909 834 3005 ἦμαρ
849 2922 982 3010 έπέλθη.

61 3017 164 3078 ταῦτα
176 3008 239 3095 μέν
250 3013 306 3080 καί
315 3014 530 3102 παραπλήσια
541 3014 689 3082 τούτοισι
701 3011 784 3082 ἀλλα
795 3023 961 3108 Μουσαίῳ
974 3026 1068 3105 έχον-

61 3133 102 3174 τα
114 3104 188 3174 σίδα
205 3110 389 3197 έςΠέρσας.
413 3109 432 3179 δ
451 3114 488 3180 δὲ
499 3112 691 3201 Θερμώδων
705 3111 853 3199 ποταμός
869 3117 936 3202 ῥέει
947 3114 1069 3202 μεταξὺ

66 3203 245 3291 Τανάγρης
256 3233 293 3276 τε
308 3211 365 3278 καί
377 3215 568 3290 Γλίσαντος.
603 3207 700 3278 Μετά
720 3210 757 3279 δὲ
772 3208 834 3299 τήν
849 3213 1066 3302 ἐπειρώτησιν
1083 3229 1117 3297 44

61 3309 130 3374 τῶν
144 3314 303 3392 χρησμόν
318 3313 375 3378 καί
390 3315 592 3395 παραινεσιυ
604 3308 667 3399 τήν
684 3312 721 3378 έκ
734 3315 938 3399 Μαρδονίου
956 3312 1019 3396 νόξ
1034 3339 1069 3382 τε

60 3405 190 3497 έγίνετο
203 3407 263 3472 aa&
272 3407 306 3485 ές
319 3405 473 3493 φυλακὰς
488 3408 675 3479 έτάσσοττσ.
700 3405 744 3491 ὡς
759 3413 797 3481 δὲ
806 3409 1077 3496 πρόσωτῆςοσ-
