2378 3840
100 201 164 264 206
479 203 734 262 HERODOTI

99 389 157 442 τος
166 365 309 450 ἐγένετο,
321 364 503 450 ἐσήμαινον
512 360 622 429 πάντα
632 357 672 428 τά
683 361 851 450 γενόμενα
861 361 1012 451 περλτήν
1022 390 1109 433 ναυ-

99 467 209 546 ηγίην.
238 464 274 528 οί
286 464 323 528 δέ
338 457 383 539 ὥς
398 459 586 546 ἐπύθοντο,
603 463 808 529 Ποσειδέωνι
825 468 947 549 σωτῆρι
965 459 1109 549 εὐξάμε·

100 580 154 624 νοι
175 559 231 624 καὶ
247 555 397 636 σπονδάς
413 558 613 645 προχέαντες
626 554 690 644 την
709 565 865 646 ταχίστην
886 556 994 630 ὀπίσω
1011 558 1111 649 ἠπεί

98 681 199 742 γοντο
215 657 268 722 ἐπὶ
284 653 321 723 τό
341 653 564 744 Ἀρτεμίσιον,
586 659 777 735 ἐλπίσαντες
798 655 911 744 ὀλίγας
930 657 1026 737 τινάς
1048 678 1110 743 σφι

99 750 274 833 ἀντιξόους
288 758 426 822 ἔσεσθαι
436 755 522 831 νέας.
548 757 593 821 Ol
600 756 663 840 μὲν
676 752 717 840 δὴ
728 751 765 822 τὰ
778 754 938 842 δεύτερον
948 754 1111 833 ἐλθόντες
1181 842 1186 861 Ι

98 854 174 937 περὶ
188 848 226 918 τδ
244 841 449 940 Ἀρτεμίσιον
470 851 689 940 ἐναυλόχεον,
706 857 936 935 Ποσειδέωνος
958 862 1110 943 σωτῆρος

30 966 80 1024 193
98 955 292 1041 ἐπωνυμίην
306 949 372 1021 άπδ
386 953 512 1021 τούτου
526 958 574 1022 ἐτι
590 955 646 1020 καλ
660 955 693 1031 ές
707 953 785 1022 τάδε
799 961 1005 1042 νομίζοντες,
1023 958 1059 1023 οί
1072 954 1108 1022 δὲ
1173 1030 1179 1049 ⁸

96 1048 279 1140 βάρβαροι,
296 1049 341 1130 ὡς
355 1051 526 1121 ἐπαύσατό
539 1079 575 1121 τε
591 1049 609 1122 ὁ
625 1050 749 1140 ἀνεμος
759 1056 815 1123 καὶ
825 1051 863 1123 τδ
879 1062 969 1142 κῦμα
980 1060 1104 1140 ἐστρω·

95 1178 150 1236 το,
171 1150 442 1230 κατασπάσαντες
455 1149 514 1230 τάς
529 1155 607 1231 νέοις
622 1160 753 1223 ἔπλωον
767 1151 859 1239 παρὰ
873 1152 935 1240 τὴν
950 1153 1105 1242 ἤπειρον,

95 1252 287 1339 κάμψαντες
301 1251 338 1320 δὲ
353 1248 417 1338 τὴν
436 1251 545 1339 άκρην
561 1260 618 1340 τῆς
634 1261 835 1341 Μαγνησίης
853 1255 952 1322 ἐθέαν
972 1258 1105 1322 ἔπλωον

95 1353 128 1428 ἐς
141 1349 202 1418 τόν
216 1348 344 1419 κόλπον
357 1347 419 1419 τδν
428 1351 480 1418 ἐπί
491 1356 677 1438 Παγασέων
688 1354 844 1437 φέροντα.
868 1356 935 1418 έστι
950 1354 987 1418 δέ
996 1358 1105 1437 χῶρος

94 1451 132 1517 έν
152 1455 198 1538 τῷ
215 1448 330 1539 κόλπῳ
347 1448 455 1540 τούτῳ
475 1456 534 1536 τῆς
549 1458 766 1535 Μαγνησίης,
791 1455 876 1516 ἔνθα
892 1449 1024 1534 λέγεται
1043 1447 1103 1519 τάν

87 1545 254 1630 Ἡρακλέα
267 1553 536 1632 καταλειφθῆναι
549 1543 616 1614 ὑπδ
636 1544 781 1633 ’λη’σονός
795 1573 831 1614 τε
845 1548 898 1614 καὶ
916 1553 985 1614 τάν
1000 1566 1084 1616 συνε

93 1648 219 1724 ταίρων
233 1643 270 1709 ἐκ
284 1648 342 1728 τῆς
354 1640 492 1728 Ἀργοῦς
505 1641 559 1710 ἐπ’
572 1642 665 1727 ὕδωρ
680 1647 894 1729 πεμφθέντα,
911 1635 983 1712 εὖτ’
999 1646 1054 1714 ἐπί
1064 1643 1100 1713 τδ

93 1749 183 1819 κῶας
197 1746 328 1808 ἔπλωον
341 1742 375 1818 ἐς
388 1738 476 1806 Αἶαν
490 1737 552 1826 τὴν
563 1746 725 1826 Κολχίδα·
748 1743 909 1809 ἐνθεῦτεν
922 1739 993 1828 γάρ’
1004 1747 1100 1828 ἐμελ-

92 1849 155 1907 λον
171 1835 418 1924 ὑδρευσάμενοι
436 1839 469 1916 ἐς
479 1833 516 1905 τὰ
532 1840 674 1922 πέλαγος
685 1835 843 1924 άπησειν,
860 1841 912 1906 ἐπὶ
928 1837 1055 1921 τούτου
1066 1839 1102 1907 δὲ

92 1945 137 2028 τῷ
151 1937 249 2026 χώρῳ
264 1938 394 2024 οὕνομα
406 1938 526 2022 γέγονε
539 1934 681 2022 Ἀφεταί
703 1940 740 2004 έν
755 1938 863 2027 τούτῳ
882 1930 931 2004 οἶν
946 1935 1057 2024 ὅρμον
1070 1943 1103 2005 ολ

25 2040 77 2097 194
91 2036 219 2121 Ξέρξεω
238 2037 421 2101 ἐποιεῦντο.
455 2039 700 2101 Πεντεκαίδεκα
720 2036 757 2102 δὲ
772 2042 840 2102 τῶν
860 2041 948 2102 νεῶν
968 2036 1100 2103 τούτων

92 2131 212 2216 ἔτυχόν
224 2157 261 2198 τε
276 2129 414 2198 ὕσταται
431 2127 559 2198 πολλάν
573 2133 819 2219 ἐξαναχθεῖσαι,
835 2139 893 2201 καί
907 2159 974 2212 κως
988 2148 1101 2201 κατεί-

92 2235 154 2298 δον
168 2226 227 2306 τάς
239 2226 291 2296 ἐπ’
304 2224 495 2316 Ἀρτεμισίῳ
507 2235 575 2295 των
584 2225 753 2315 Ἑλλήνων
767 2230 853 2308 νέας.
876 2229 995 2309 ἐδοξάν
1009 2253 1048 2296 τε
1058 2226 1101 2316 δὴ

91 2325 150 2404 τάς
165 2327 326 2410 σφετέρας
342 2321 426 2389 εἶναι
441 2327 475 2391 οί
487 2325 664 2413 βάρβαροι,
682 2329 737 2395 καὶ
748 2325 916 2404 πλείοντες
929 2329 1054 2393 ἐπεσον
1067 2327 1101 2403 ἐς

91 2420 170 2500 τούς
185 2426 373 2505 πολεμίους.
395 2427 464 2487 τῶν
481 2422 676 2509 ἐστρατήγεε
691 2420 709 2491 ὁ
725 2420 791 2491 άπό
807 2422 926 2509 Κάμης
940 2428 998 2508 τῆς
1012 2428 1100 2491 Alo·

90 2526 182 2598 λίδος
196 2516 344 2605 ὕπαρχος
358 2516 544 2605 Σανδώκης
559 2516 576 2586 δ
593 2527 783 2607 Θαμασίου,
799 2518 859 2587 τὸν
874 2517 914 2604 δὴ
929 2517 1100 2605 πρότερον

88 2618 219 2685 τούτων
239 2614 397 2702 βασιλεὺς
412 2624 558 2703 Δαρελος
578 2615 630 2687 ἐπ’
651 2624 737 2705 αίτίη
753 2622 865 2706 τοιῇδε
885 2611 1000 2703 λαβάν
1016 2613 1100 2683 ἀνε-

88 2714 271 2799 σταύρωσε,
284 2714 382 2783 ἐόντα
394 2720 463 2782 τῶν
471 2723 654 2804 βασιληίων
665 2720 856 2786 δικαστέων.
878 2711 895 2783 ὁ
908 2715 1098 2801 Σανδώκης

87 2816 140 2882 έπδ
154 2811 298 2899 χρήμασι
310 2810 429 2879 άδικου
443 2817 541 2898 δίκην
555 2816 695 2881 ἐδίκασε.
718 2810 1035 2899 ἀνακρεμασθέντος
1047 2805 1100 2880 τάν

86 2912 192 2983 αὐτοῦ
214 2912 426 2999 λογιζόμενος
441 2909 460 2980 ὁ
475 2909 621 2999 Δαρεῖος
640 2906 721 3000 εὗρέ
732 2917 767 2981 οί
781 2913 870 2979 πλέω
894 2907 1009 2997 ἀγαθά
1026 2918 1099 2978 τοῖν

86 3010 333 3098 ἁμαρτημάτων
348 3017 555 3097 πεποιημένα
576 3014 610 3090 ἐς
624 3010 717 3080 οἷκον
731 3007 792 3078 τδν
811 3008 1004 3098 βασιλήιον·
1035 3005 1098 3077 εὖ·

87 3107 156 3194 ράυ
171 3113 207 3175 δὲ
222 3114 320 3176 τοῦτο
340 3105 360 3176 ὁ
375 3117 520 3197 Δαρεῖος
534 3112 590 3178 καί
609 3106 730 3196 γνοάς,
749 3103 795 3186 ὦς
807 3104 971 3192 ταχύτερα
990 3102 1099 3186 αὐτὸς

87 3203 108 3292 ἢ
125 3205 300 3292 σοφώτερα
312 3209 514 3294 ἐργασμένος
529 3217 591 3294 εἴη,
609 3213 714 3276 ἔλυσε.
737 3206 875 3294 βασιλέα
886 3205 949 3291 μὲν
963 3202 1005 3292 δὴ
1017 3215 1095 3275 Δα-

86 3317 177 3388 ρεῖον
192 3299 280 3370 οὕτω
296 3302 473 3392 διαφυγών
487 3303 532 3390 μὴ
548 3301 734 3373 ἀπολέσθαι
751 3310 888 3391 περιῆν,
908 3301 983 3371 τότε
1003 3304 1042 3372 δδ
1059 3306 1095 3384 ἐς

81 3398 164 3478 τοδς
170 3397 333 3487 Ἕλληνας
349 3404 570 3481 καταπλώσας
601 3410 716 3488 ἔμελλε
731 3397 773 3470 οά
787 3399 824 3469 τδ
840 3399 1000 3487 δεύτερον
1014 3407 1097 3472 δια-
