2378 3840
132 189 196 254 306
510 190 764 249 HERODOTI

128 347 298 438 Ἀργείους
316 350 513 438 γενόμενος,
536 345 618 435 μετά
634 345 702 415 δὲὸ
721 349 759 415 έν
773 355 955 416 Διπαιεῦσι
970 347 1059 434 πρὸς
1072 347 1147 437 Ἀρ-

132 450 236 528 ιιάδας
251 449 378 527 πάντας
393 445 482 532 πλὴν
495 449 716 530 Μαντινέων,
741 447 793 514 ἐπλ
813 450 850 513 δέ
867 443 885 513 ὁ
901 453 1115 533 Μεσσηνίων
1129 445 1147 515 ὃ

132 543 216 631 πρὸς
227 544 367 635 ’[θιόμη,
384 545 525 622 ύστατος
539 545 575 611 δέ
589 541 658 612 δέν
672 543 831 632 Τανάγρῃ
844 543 927 628 πρὸς
940 544 1148 632 Ἀθηναίους

131 670 169 711 τε
188 647 244 711 καλ
262 643 431 732 Ἀργείους
454 642 644 728 γενόμενος.
680 635 779 719 οὗτος
803 642 838 710 δέ
861 640 1001 721 ὕστατος
1021 669 1145 728 κατερ-

131 742 244 828 γάσθη
260 749 329 809 τῶν
343 743 442 809 πέντε
457 737 610 826 ἀγάνων.
803 746 806 750 ’

84 849 117 904 ³6
219 832 328 917 Οὗτος
344 837 384 926 δὴ
402 839 476 907 τότε
496 851 581 906 τοῖσι
592 835 728 924 Ἕλλησι
747 835 766 905 ὁ
784 836 969 924 Τισαμενός
984 835 1144 924 ἀγόντων

130 944 199 1006 τῶν
204 938 444 1022 Σπαρτιητέων
455 934 653 1022 ἐμαντεύετο
665 938 702 1003 ἐν
712 941 752 1022 τῇ
761 938 944 1004 Πλαταιίδι.
970 941 1068 1002 Τοῖσι
1080 937 1143 1021 μέν

130 1062 196 1103 νυν
205 1035 341 1121 Ἕλλησι
356 1033 441 1103 καλά
456 1037 582 1121 ἐγίνετο
597 1031 638 1101 τὰ
653 1031 708 1118 ίρά
723 1033 980 1120 ἀμυνομένοισι,
1002 1039 1140 1122 διαβᾶσι

83 1143 116 1200 37
135 1137 171 1202 δέ
181 1132 242 1202 τόν
252 1131 404 1202 Ἀσωπὸν
414 1135 470 1201 καὶ
480 1133 585 1219 μάχης
595 1131 735 1218 ἀρχουσι
746 1127 799 1219 ού,
807 1135 993 1222 Μαρδονίῳ
1004 1133 1044 1199 δέ
1056 1155 1141 1214 προ-

129 1233 330 1325 θυμεομέυῳ
347 1232 453 1321 μάχης
467 1232 583 1319 ἀρχειν
600 1229 663 1298 οὐκ
683 1231 838 1319 ἐπιτήδεα
859 1235 987 1318 ἐγίνετο
1007 1229 1051 1299 τά
1072 1226 1140 1316 ίρά,

129 1332 329 1424 ἀμυνομένῳ
344 1336 380 1400 δέ
401 1335 456 1401 καὶ
470 1332 577 1423 τούτῳ
593 1331 688 1400 καλά.
715 1334 770 1399 καὶ
790 1328 856 1417 γάρ
871 1324 969 1409 οὗτος
984 1328 1139 1415 Ἑλληνι-

128 1448 217 1502 ιιοτσι
237 1437 339 1520 ίροῖσι
355 1435 488 1519 ἐχρᾶτο,
510 1430 632 1517 μάντιν
648 1435 733 1515 ἔχων
747 1426 1008 1516 Ἡγησίστρατον
1029 1426 1138 1511 ἀνδρα

125 1529 256 1601 Ἠλεῖόν
269 1557 305 1597 τε
319 1534 374 1597 καλ
388 1537 457 1596 τῶν
474 1530 683 1597 Τελλιαδέων
694 1526 793 1595 ἐόντα
808 1527 1056 1615 λογιμώτατον,
1077 1526 1140 1595 τόν

130 1626 170 1716 δὴ
192 1628 358 1715 πρότερον
377 1628 508 1694 τούτων
528 1632 735 1713 Σπαρτιῆται
757 1625 916 1712 λαβόντες
937 1629 1065 1710 ἔδησαν
1087 1627 1138 1693 έπῖ

128 1725 267 1816 θανάτῳ
286 1722 331 1802 ἀς
352 1722 561 1801 πεπονθότες
582 1721 689 1790 πολλά
704 1747 740 1789 τε
760 1724 815 1788 aaz
835 1719 978 1807 ἀνάρσια
994 1720 1058 1789 ὑπ’
1075 1720 1135 1790 αύ-

128 1832 198 1893 τοῦ.
221 1821 239 1891 ὁ
257 1824 293 1892 δέ
304 1823 458 1916 ἐντούτῳ
474 1829 520 1916 τῷ
533 1829 625 1915 κακῷ
640 1821 812 1908 ἐχόμενος,
829 1820 913 1889 ὥστε
923 1823 1052 1910 τρέχων
1062 1825 1138 1909 περί

128 1930 186 2009 τῆς
202 1929 308 2010 ψυχῆς
322 1921 389 2008 πρό
403 1926 513 1989 τετοῦ
525 1920 680 1988 θανάτου
694 1919 891 2005 πεισόμενος
905 1921 1014 1989 πολλά
1031 1947 1068 1989 τε
1084 1924 1140 1990 καλ

128 2018 247 2106 λυγρά,
266 2025 367 2105 ἔργον
378 2017 542 2106 ἐργάσατο
557 2021 655 2103 μέζον
669 2016 782 2102 λόγου.
807 2013 852 2096 ὡς
865 2015 930 2104 γὰρ
949 2014 988 2104 δη
1006 2020 1138 2086 ἐδέδετο

128 2120 165 2186 ἐν
180 2117 267 2206 ξύλῳ
283 2119 502 2207 σιδηροδέτῳ,
520 2117 765 2201 ἐσενειχθέντος
780 2141 846 2195 κως
863 2120 1018 2203 σιδηρίου
1036 2116 1139 2201 ἐκρά-

127 2234 221 2302 τησε,
239 2212 357 2281 αύτίιια
372 2217 409 2281 δὲ
420 2216 605 2300 ἐμηχανᾶτο
619 2211 868 2300 ἀνδρηιότατον
882 2219 982 2300 ἔργον
996 2215 1140 2283 πάντων

127 2320 195 2380 των
211 2309 305 2397 ἡμεῖς
322 2314 427 2396 ἴδμεν.
450 2311 730 2397 σταθμησάμενος
746 2310 810 2399 γάρ
827 2311 913 2391 ὅκως
929 2312 1141 2392 ἐξελεύσεταί

128 2416 162 2478 οί
179 2408 217 2478 τό
238 2407 359 2476 λοιπὸν
375 2417 436 2478 τοῦ
457 2409 577 2498 ποδός,
604 2408 749 2499 ἀπέταμε
765 2409 826 2479 τὸν
847 2408 973 2496 ταρσόν
993 2415 1137 2481 ἑωυτοῦ.

125 2518 230 2580 ταῦτα
248 2512 283 2577 δέ
305 2510 462 2598 ποιήσας,
488 2510 572 2579 ὥστε
592 2512 848 2598 φυλασσόμενος
867 2508 933 2578 ὑπό
956 2511 1138 2598 φυλάκων,

127 2610 283 2693 διορύξας
297 2606 357 2676 τόν
370 2623 483 2696 τοίχου
498 2607 625 2695 ἀπέδρη
640 2611 673 2687 ἐς
693 2613 835 2698 Τεγέην,
860 2606 919 2687 τάς
932 2606 994 2694 μέν
1008 2607 1139 2687 νύκτας

126 2707 369 2793 πορευόμενος,
386 2705 445 2786 τὰς
460 2708 496 2775 δέ
506 2705 633 2796 ἡμέρας
648 2709 847 2775 καταδύνων
858 2709 891 2786 ἐς
904 2705 992 2793 ὕλην
1002 2709 1060 2775 ιιαλ
1072 2706 1140 2776 αύ-

125 2804 311 2889 λιζόμενος,
327 2803 416 2871 οὕτω
431 2804 517 2872 ὥστε
529 2808 806 2891 Λακεδαιμονίων
823 2807 986 2891 πανδημεὶ
1001 2808 1140 2890 διζημέ-

125 2925 196 2966 υωυ
209 2905 301 2989 τρίτη
318 2898 469 2992 εὐφρόνη
483 2906 643 2989 γενέσθαι
655 2906 692 2972 ἐν
706 2907 820 2993 Τεγέη,
837 2901 916 2982 τούς
937 2904 974 2972 δέ
1000 2907 1039 2973 έν
1064 2908 1139 2976 θιά-

125 3023 202 3084 ματι
217 2999 350 3092 μεγάλῳ
365 3004 537 3088 ἐνέχεσθαι
551 3010 609 3091 τῆς
622 3029 658 3071 τε
671 3004 810 3091 τόλμης,
831 3001 988 3090 ὁρέουτας
1000 2999 1040 3070 τό
1054 3000 1139 3090 ἡμί-

125 3123 229 3183 τομον
246 3104 307 3165 τοῦ
321 3096 424 3179 ποδός
438 3106 603 3188 κείμενον,
619 3098 777 3169 κάκείνου
793 3099 834 3168 ού
850 3103 1061 3186 δυναμένους
1077 3101 1139 3170 εὑ-

126 3207 206 3279 ρείν.
223 3194 297 3261 τότε
307 3196 369 3281 μέν
379 3195 469 3265 οὕτω
478 3194 657 3286 διαφυγάν
665 3202 949 3284 Λακεδαιμονίους
959 3201 1137 3286 καταφεύ-

125 3319 177 3380 γει
189 3293 222 3371 ές
232 3295 357 3378 Τεγέην
375 3296 499 3362 ἐοῦσαν
510 3294 573 3365 οὐκ
584 3296 736 3387 ἀρθμίην
747 3301 1040 3383 Λακεδαιμονίοισι
1051 3307 1138 3368 τοῦ·

121 3415 185 3459 τον
192 3389 254 3459 τόν
260 3390 396 3483 χρόνον.
410 3389 508 3482 ὑγιὴς
518 3393 554 3464 δέ
564 3397 746 3487 γενόμενος
755 3399 810 3464 ιιαλ
819 3394 1138 3481 προσποιησάμενος
