<?xml version="1.0" encoding="UTF-8"?>
<!DOCTYPE html PUBLIC "-//W3C//DTD XHTML 1.0 Transitional//EN"
    "http://www.w3.org/TR/xhtml1/DTD/xhtml1-transitional.dtd">
<html xmlns="http://www.w3.org/1999/xhtml" xml:lang="en" lang="en">
 <head>
  <title>
</title>
<meta http-equiv="Content-Type" content="text/html;charset=utf-8" />
  <meta name='ocr-system' content='tesseract 3.04.00' />
  <meta name='ocr-capabilities' content='ocr_page ocr_carea ocr_par ocr_line ocrx_word'/>
</head>
<body>
  <div class='ocr_page' id='page_1' title='image "./herodotihistori01herogoog_0265.png"; bbox 0 0 2378 3840; ppageno 0'>
   <div class='ocr_carea' id='block_1_1' title="bbox 123 163 744 231">
    <p class='ocr_par' dir='ltr' id='par_1_1' title="bbox 123 163 744 231">
     <span class='ocr_line' id='line_1_1' title="bbox 123 163 744 231; baseline 0.003 -5"><span class='ocrx_word' id='word_1_1' title='bbox 123 163 186 226; x_wconf 77' lang='grc'><em>244</em></span> <span class='ocrx_word' id='word_1_2' title='bbox 494 171 744 231; x_wconf 81' lang='lat' dir='ltr'><strong>HERODOTI</strong></span> 
     </span>
    </p>
   </div>
   <div class='ocr_carea' id='block_1_2' title="bbox 19 326 1130 3070">
    <p class='ocr_par' dir='ltr' id='par_1_2' title="bbox 71 326 1130 1990">
     <span class='ocr_line' id='line_1_2' title="bbox 122 326 1130 419; baseline 0.002 -25"><span class='ocrx_word' id='word_1_3' title='bbox 122 337 188 394; x_wconf 80' lang='grc' dir='ltr'><em>θεν</em></span> <span class='ocrx_word' id='word_1_4' title='bbox 203 326 409 411; x_wconf 84' lang='grc' dir='ltr'><em>πορεύεσθαι</em></span> <span class='ocrx_word' id='word_1_5' title='bbox 418 327 561 416; x_wconf 78' lang='grc' dir='ltr'><em>ἤρξαντο</em></span> <span class='ocrx_word' id='word_1_6' title='bbox 573 338 607 402; x_wconf 82' lang='grc' dir='ltr'><em>οἰ</em></span> <span class='ocrx_word' id='word_1_7' title='bbox 620 331 796 419; x_wconf 80' lang='grc' dir='ltr'><em>βάρβαροι,</em></span> <span class='ocrx_word' id='word_1_8' title='bbox 811 333 870 399; x_wconf 79' lang='grc' dir='ltr'><em>ἕνα</em></span> <span class='ocrx_word' id='word_1_9' title='bbox 882 329 988 400; x_wconf 81' lang='grc' dir='ltr'><em>αὐτοῦ</em></span> <span class='ocrx_word' id='word_1_10' title='bbox 1000 336 1130 416; x_wconf 90' lang='grc' dir='ltr'><em>διατρί-</em></span> 
     </span>
     <span class='ocr_line' id='line_1_3' title="bbox 122 427 1128 518; baseline 0.001 -25"><span class='ocrx_word' id='word_1_11' title='bbox 122 441 245 508; x_wconf 80' lang='grc' dir='ltr'><em>ψαντες</em></span> <span class='ocrx_word' id='word_1_12' title='bbox 258 434 364 514; x_wconf 82' lang='grc' dir='ltr'><strong><em>μῆνα,</em></strong></span> <span class='ocrx_word' id='word_1_13' title='bbox 380 430 417 496; x_wconf 87' lang='grc' dir='ltr'><em>ἐν</em></span> <span class='ocrx_word' id='word_1_14' title='bbox 432 435 477 518; x_wconf 77' lang='grc' dir='ltr'><em>τῷ</em></span> <span class='ocrx_word' id='word_1_15' title='bbox 492 433 662 517; x_wconf 76' lang='grc' dir='ltr'><em>διέβαινον</em></span> <span class='ocrx_word' id='word_1_16' title='bbox 673 432 707 508; x_wconf 86' lang='grc' dir='ltr'><em>ἐς</em></span> <span class='ocrx_word' id='word_1_17' title='bbox 720 427 783 515; x_wconf 76' lang='grc' dir='ltr'><em>τὴν</em></span> <span class='ocrx_word' id='word_1_18' title='bbox 793 428 975 518; x_wconf 82' lang='grc' dir='ltr'><em>Εύρύπηυ,</em></span> <span class='ocrx_word' id='word_1_19' title='bbox 993 431 1030 497; x_wconf 89' lang='grc' dir='ltr'><em>έν</em></span> <span class='ocrx_word' id='word_1_20' title='bbox 1041 434 1128 511; x_wconf 70' lang='grc' dir='ltr'><em>τρισὶ</em></span> 
     </span>
     <span class='ocr_line' id='line_1_4' title="bbox 122 523 1129 616; baseline -0.002 -24"><span class='ocrx_word' id='word_1_21' title='bbox 122 529 261 612; x_wconf 83' lang='grc' dir='ltr'><em>ἑτέροισι</em></span> <span class='ocrx_word' id='word_1_22' title='bbox 276 529 355 612; x_wconf 82' lang='grc' dir='ltr'><em>μησὶ</em></span> <span class='ocrx_word' id='word_1_23' title='bbox 368 527 522 612; x_wconf 82' lang='grc' dir='ltr'><em>ἐγένοντο</em></span> <span class='ocrx_word' id='word_1_24' title='bbox 538 531 575 595; x_wconf 90' lang='grc' dir='ltr'><em>έν</em></span> <span class='ocrx_word' id='word_1_25' title='bbox 589 533 629 616; x_wconf 73' lang='grc' dir='ltr'><em>τῇ</em></span> <span class='ocrx_word' id='word_1_26' title='bbox 640 523 779 615; x_wconf 78' lang='grc' dir='ltr'><em>Ἀττικῇ,</em></span> <span class='ocrx_word' id='word_1_27' title='bbox 793 527 991 596; x_wconf 76' lang='grc' dir='ltr'><em>Καλλιάδεω</em></span> <span class='ocrx_word' id='word_1_28' title='bbox 1004 523 1129 614; x_wconf 77' lang='grc' dir='ltr'><em>ἀρχου-</em></span> 
     </span>
     <span class='ocr_line' id='line_1_5' title="bbox 121 622 1130 714; baseline 0.003 -24"><span class='ocrx_word' id='word_1_29' title='bbox 121 650 177 703; x_wconf 88' lang='grc' dir='ltr'><em>τος</em></span> <span class='ocrx_word' id='word_1_30' title='bbox 189 622 404 710; x_wconf 81' lang='grc' dir='ltr'><em>Ἀθηναίοισι.</em></span> <span class='ocrx_word' id='word_1_31' title='bbox 426 629 483 695; x_wconf 79' lang='grc' dir='ltr'><em>καὶ</em></span> <span class='ocrx_word' id='word_1_32' title='bbox 497 632 647 713; x_wconf 76' lang='grc' dir='ltr'><em>αἱρέουσι</em></span> <span class='ocrx_word' id='word_1_33' title='bbox 662 629 787 714; x_wconf 82' lang='grc' dir='ltr'><em>ε’ρῆμον</em></span> <span class='ocrx_word' id='word_1_34' title='bbox 800 624 838 695; x_wconf 88' lang='grc' dir='ltr'><em>τδ</em></span> <span class='ocrx_word' id='word_1_35' title='bbox 854 624 950 714; x_wconf 82' lang='grc' dir='ltr'><em>ἀστυ,</em></span> <span class='ocrx_word' id='word_1_36' title='bbox 964 633 1025 695; x_wconf 85' lang='grc' dir='ltr'><em>καί</em></span> <span class='ocrx_word' id='word_1_37' title='bbox 1034 651 1130 704; x_wconf 89' lang='grc' dir='ltr'><em>τινας</em></span> 
     </span>
     <span class='ocr_line' id='line_1_6' title="bbox 122 719 1128 815; baseline 0 -27"><span class='ocrx_word' id='word_1_38' title='bbox 122 719 255 806; x_wconf 77' lang='grc' dir='ltr'><em>ὀλίγους</em></span> <span class='ocrx_word' id='word_1_39' title='bbox 266 720 459 808; x_wconf 78' lang='grc' dir='ltr'><em>εὑρίσκουσι</em></span> <span class='ocrx_word' id='word_1_40' title='bbox 468 730 538 793; x_wconf 76' lang='grc' dir='ltr'><em>τόν</em></span> <span class='ocrx_word' id='word_1_41' title='bbox 549 723 739 812; x_wconf 81' lang='grc' dir='ltr'><em>Ἀθηναίων</em></span> <span class='ocrx_word' id='word_1_42' title='bbox 749 726 786 791; x_wconf 85' lang='grc' dir='ltr'><em>ἐν</em></span> <span class='ocrx_word' id='word_1_43' title='bbox 796 730 843 815; x_wconf 76' lang='grc' dir='ltr'><em>τῷ</em></span> <span class='ocrx_word' id='word_1_44' title='bbox 853 729 915 815; x_wconf 76' lang='grc' dir='ltr'><em>έρῷ</em></span> <span class='ocrx_word' id='word_1_45' title='bbox 926 723 1053 807; x_wconf 84' lang='grc' dir='ltr'><em>ἐόντας,</em></span> <span class='ocrx_word' id='word_1_46' title='bbox 1069 749 1128 789; x_wconf 92' lang='grc' dir='ltr'><em>τα-</em></span> 
     </span>
     <span class='ocr_line' id='line_1_7' title="bbox 121 819 1129 910; baseline 0.001 -26"><span class='ocrx_word' id='word_1_47' title='bbox 121 825 196 903; x_wconf 87' lang='grc' dir='ltr'><em>μιάς</em></span> <span class='ocrx_word' id='word_1_48' title='bbox 209 846 245 887; x_wconf 89' lang='grc' dir='ltr'><em>τε</em></span> <span class='ocrx_word' id='word_1_49' title='bbox 258 828 318 888; x_wconf 84' lang='grc' dir='ltr'><em>τοῦ</em></span> <span class='ocrx_word' id='word_1_50' title='bbox 333 826 411 907; x_wconf 81' lang='grc' dir='ltr'><em>έροῦ</em></span> <span class='ocrx_word' id='word_1_51' title='bbox 424 823 480 890; x_wconf 79' lang='grc' dir='ltr'><em>καὶ</em></span> <span class='ocrx_word' id='word_1_52' title='bbox 489 825 632 910; x_wconf 80' lang='grc' dir='ltr'><em>πένητας</em></span> <span class='ocrx_word' id='word_1_53' title='bbox 643 819 859 907; x_wconf 74' lang='grc' dir='ltr'><em>ἀνθρώπους,</em></span> <span class='ocrx_word' id='word_1_54' title='bbox 876 829 910 888; x_wconf 82' lang='grc' dir='ltr'><em>οἳ</em></span> <span class='ocrx_word' id='word_1_55' title='bbox 919 819 1129 907; x_wconf 76' lang='grc' dir='ltr'><em>φραξάμενοι</em></span> 
     </span>
     <span class='ocr_line' id='line_1_8' title="bbox 120 912 1128 1008; baseline -0.002 -26"><span class='ocrx_word' id='word_1_56' title='bbox 120 913 182 1001; x_wconf 79' lang='grc' dir='ltr'><em>την</em></span> <span class='ocrx_word' id='word_1_57' title='bbox 194 913 378 1004; x_wconf 87' lang='grc' dir='ltr'><em>ἀκρόπολιν</em></span> <span class='ocrx_word' id='word_1_58' title='bbox 389 919 520 1008; x_wconf 83' lang='grc' dir='ltr'><em>θύρηοί</em></span> <span class='ocrx_word' id='word_1_59' title='bbox 525 945 560 986; x_wconf 89' lang='grc' dir='ltr'><em>τε</em></span> <span class='ocrx_word' id='word_1_60' title='bbox 574 921 628 987; x_wconf 81' lang='grc' dir='ltr'><em>καὶ</em></span> <span class='ocrx_word' id='word_1_61' title='bbox 640 917 770 999; x_wconf 77' lang='grc' dir='ltr'><em>ξύλοισι</em></span> <span class='ocrx_word' id='word_1_62' title='bbox 780 914 952 1003; x_wconf 77' lang='grc' dir='ltr'><em>ἠμύνοντο</em></span> <span class='ocrx_word' id='word_1_63' title='bbox 962 912 1043 994; x_wconf 82' lang='grc' dir='ltr'><em>τούς</em></span> <span class='ocrx_word' id='word_1_64' title='bbox 1054 917 1128 982; x_wconf 89' lang='grc' dir='ltr'><em>έπι-</em></span> 
     </span>
     <span class='ocr_line' id='line_1_9' title="bbox 121 1013 1129 1105; baseline 0.001 -24"><span class='ocrx_word' id='word_1_65' title='bbox 121 1015 236 1098; x_wconf 87' lang='grc' dir='ltr'><em>όντας,</em></span> <span class='ocrx_word' id='word_1_66' title='bbox 257 1013 326 1101; x_wconf 86' lang='grc' dir='ltr'><em>άμα</em></span> <span class='ocrx_word' id='word_1_67' title='bbox 347 1016 408 1101; x_wconf 81' lang='grc' dir='ltr'><em>μὲν</em></span> <span class='ocrx_word' id='word_1_68' title='bbox 428 1015 489 1084; x_wconf 85' lang='grc' dir='ltr'><em>ὑπ’</em></span> <span class='ocrx_word' id='word_1_69' title='bbox 506 1016 684 1104; x_wconf 80' lang='grc' dir='ltr'><em>άσθεγέίης</em></span> <span class='ocrx_word' id='word_1_70' title='bbox 704 1024 782 1105; x_wconf 84' lang='grc' dir='ltr'><em>βίον</em></span> <span class='ocrx_word' id='word_1_71' title='bbox 796 1014 859 1085; x_wconf 79' lang='grc' dir='ltr'><em>οὐκ</em></span> <span class='ocrx_word' id='word_1_72' title='bbox 880 1015 1129 1102; x_wconf 79' lang='grc' dir='ltr'><em>ἐκχωρήσαντες</em></span> 
     </span>
     <span class='ocr_line' id='line_1_10' title="bbox 120 1111 1127 1203; baseline 0.001 -23"><span class='ocrx_word' id='word_1_73' title='bbox 120 1117 153 1192; x_wconf 84' lang='grc' dir='ltr'><em>ἐς</em></span> <span class='ocrx_word' id='word_1_74' title='bbox 167 1123 359 1201; x_wconf 75' lang='grc' dir='ltr'><em>Σαλαμῖνα,</em></span> <span class='ocrx_word' id='word_1_75' title='bbox 381 1115 465 1203; x_wconf 87' lang='grc' dir='ltr'><em>πρδς</em></span> <span class='ocrx_word' id='word_1_76' title='bbox 488 1118 524 1185; x_wconf 76' lang='grc' dir='ltr'><em>δὲ</em></span> <span class='ocrx_word' id='word_1_77' title='bbox 546 1114 641 1184; x_wconf 80' lang='grc' dir='ltr'><em>αύτολ</em></span> <span class='ocrx_word' id='word_1_78' title='bbox 658 1118 832 1195; x_wconf 84' lang='grc' dir='ltr'><em>δοκέοντες</em></span> <span class='ocrx_word' id='word_1_79' title='bbox 852 1117 1067 1202; x_wconf 78' lang='grc' dir='ltr'><em>ἐξευρηκέναι</em></span> <span class='ocrx_word' id='word_1_80' title='bbox 1089 1111 1127 1182; x_wconf 86' lang='grc' dir='ltr'><em>τό</em></span> 
     </span>
     <span class='ocr_line' id='line_1_11' title="bbox 119 1210 1127 1302; baseline 0.001 -23"><span class='ocrx_word' id='word_1_81' title='bbox 119 1211 292 1300; x_wconf 72' lang='grc' dir='ltr'><em>μαντήιον,</em></span> <span class='ocrx_word' id='word_1_82' title='bbox 303 1211 341 1281; x_wconf 89' lang='grc' dir='ltr'><em>τό</em></span> <span class='ocrx_word' id='word_1_83' title='bbox 352 1211 373 1301; x_wconf 83' lang='grc' dir='ltr'><em>ἡ</em></span> <span class='ocrx_word' id='word_1_84' title='bbox 384 1220 500 1301; x_wconf 85' lang='grc' dir='ltr'><em>Πυθίη</em></span> <span class='ocrx_word' id='word_1_85' title='bbox 512 1237 572 1300; x_wconf 89' lang='grc' dir='ltr'><em>σφι</em></span> <span class='ocrx_word' id='word_1_86' title='bbox 585 1220 713 1302; x_wconf 82' lang='grc' dir='ltr'><em>ἔχρησε,</em></span> <span class='ocrx_word' id='word_1_87' title='bbox 725 1210 762 1281; x_wconf 83' lang='grc' dir='ltr'><em>τό</em></span> <span class='ocrx_word' id='word_1_88' title='bbox 776 1213 913 1293; x_wconf 78' lang='grc' dir='ltr'><em>ξύλινον</em></span> <span class='ocrx_word' id='word_1_89' title='bbox 923 1227 1030 1299; x_wconf 78' lang='grc' dir='ltr'><em>τεῖχος</em></span> <span class='ocrx_word' id='word_1_90' title='bbox 1041 1211 1127 1281; x_wconf 88' lang='grc' dir='ltr'><em>άυά-</em></span> 
     </span>
     <span class='ocr_line' id='line_1_12' title="bbox 119 1309 1127 1399; baseline 0 -23"><span class='ocrx_word' id='word_1_91' title='bbox 119 1319 227 1377; x_wconf 88' lang='grc' dir='ltr'><em>λωτον</em></span> <span class='ocrx_word' id='word_1_92' title='bbox 239 1317 392 1398; x_wconf 82' lang='grc' dir='ltr'><em>ἔσεσθαι,</em></span> <span class='ocrx_word' id='word_1_93' title='bbox 408 1315 463 1380; x_wconf 87' lang='grc' dir='ltr'><em>καὶ</em></span> <span class='ocrx_word' id='word_1_94' title='bbox 478 1311 560 1381; x_wconf 86' lang='grc' dir='ltr'><em>αύτδ</em></span> <span class='ocrx_word' id='word_1_95' title='bbox 573 1309 613 1399; x_wconf 81' lang='grc' dir='ltr'><em>δη</em></span> <span class='ocrx_word' id='word_1_96' title='bbox 624 1319 723 1380; x_wconf 85' lang='grc' dir='ltr'><em>τοῦτο</em></span> <span class='ocrx_word' id='word_1_97' title='bbox 736 1309 821 1380; x_wconf 85' lang='grc' dir='ltr'><em>εἶναι</em></span> <span class='ocrx_word' id='word_1_98' title='bbox 835 1309 873 1378; x_wconf 88' lang='grc' dir='ltr'><em>τδ</em></span> <span class='ocrx_word' id='word_1_99' title='bbox 888 1310 1127 1398; x_wconf 89' lang='grc' dir='ltr'><em>κρησφύγετον</em></span> 
     </span>
     <span class='ocr_line' id='line_1_13' title="bbox 71 1405 1127 1499; baseline 0.004 -25"><span class='ocrx_word' id='word_1_100' title='bbox 71 1434 104 1485; x_wconf 77' lang='lat'><em>52</em></span> <span class='ocrx_word' id='word_1_101' title='bbox 121 1405 205 1476; x_wconf 84' lang='grc' dir='ltr'><em>κατά</em></span> <span class='ocrx_word' id='word_1_102' title='bbox 220 1406 257 1476; x_wconf 83' lang='grc' dir='ltr'><em>τό</em></span> <span class='ocrx_word' id='word_1_103' title='bbox 272 1410 445 1499; x_wconf 76' lang='grc' dir='ltr'><em>μαντήϊον,</em></span> <span class='ocrx_word' id='word_1_104' title='bbox 462 1415 517 1481; x_wconf 80' lang='grc' dir='ltr'><em>καὶ</em></span> <span class='ocrx_word' id='word_1_105' title='bbox 533 1410 575 1481; x_wconf 89' lang='grc' dir='ltr'><em>ού</em></span> <span class='ocrx_word' id='word_1_106' title='bbox 587 1409 646 1491; x_wconf 84' lang='grc' dir='ltr'><em>τάς</em></span> <span class='ocrx_word' id='word_1_107' title='bbox 660 1414 746 1490; x_wconf 85' lang='grc' dir='ltr'><em>νέας.</em></span> <span class='ocrx_word' id='word_1_108' title='bbox 769 1415 814 1480; x_wconf 78' lang='grc' dir='ltr'><em>Οἱ</em></span> <span class='ocrx_word' id='word_1_109' title='bbox 829 1411 865 1479; x_wconf 77' lang='grc' dir='ltr'><em>δὲ</em></span> <span class='ocrx_word' id='word_1_110' title='bbox 876 1413 1004 1498; x_wconf 83' lang='grc' dir='ltr'><em>Πέρσαι</em></span> <span class='ocrx_word' id='word_1_111' title='bbox 1016 1411 1127 1498; x_wconf 74' lang='grc' dir='ltr'><em>ἱζόμε-</em></span> 
     </span>
     <span class='ocr_line' id='line_1_14' title="bbox 118 1505 1126 1596; baseline 0.005 -23"><span class='ocrx_word' id='word_1_112' title='bbox 118 1532 173 1573; x_wconf 89' lang='grc' dir='ltr'><em>νοι</em></span> <span class='ocrx_word' id='word_1_113' title='bbox 189 1508 242 1574; x_wconf 77' lang='grc' dir='ltr'><em>ἐπὶ</em></span> <span class='ocrx_word' id='word_1_114' title='bbox 255 1505 315 1574; x_wconf 87' lang='grc' dir='ltr'><em>τόν</em></span> <span class='ocrx_word' id='word_1_115' title='bbox 332 1517 512 1579; x_wconf 82' lang='grc' dir='ltr'><em>καταντίον</em></span> <span class='ocrx_word' id='word_1_116' title='bbox 526 1517 584 1596; x_wconf 82' lang='grc' dir='ltr'><em>τῆς</em></span> <span class='ocrx_word' id='word_1_117' title='bbox 597 1507 799 1593; x_wconf 77' lang='grc' dir='ltr'><em>ἀκροπόλιος</em></span> <span class='ocrx_word' id='word_1_118' title='bbox 814 1508 930 1596; x_wconf 80' lang='grc' dir='ltr'><em>ὄχθου,</em></span> <span class='ocrx_word' id='word_1_119' title='bbox 946 1507 1007 1577; x_wconf 86' lang='grc' dir='ltr'><em>τόν</em></span> <span class='ocrx_word' id='word_1_120' title='bbox 1022 1506 1126 1596; x_wconf 83' lang='grc' dir='ltr'><em>Ἀθη-</em></span> 
     </span>
     <span class='ocr_line' id='line_1_15' title="bbox 116 1606 1126 1697; baseline 0.005 -27"><span class='ocrx_word' id='word_1_121' title='bbox 116 1619 206 1672; x_wconf 86' lang='grc' dir='ltr'><em>ναῖοι</em></span> <span class='ocrx_word' id='word_1_122' title='bbox 221 1609 379 1676; x_wconf 86' lang='grc' dir='ltr'><em>καλέουσι</em></span> <span class='ocrx_word' id='word_1_123' title='bbox 391 1606 525 1697; x_wconf 79' lang='grc' dir='ltr'><em>Ἀρήίου</em></span> <span class='ocrx_word' id='word_1_124' title='bbox 539 1610 668 1697; x_wconf 91' lang='grc' dir='ltr'><em>πάγον,</em></span> <span class='ocrx_word' id='word_1_125' title='bbox 683 1606 899 1693; x_wconf 79' lang='grc' dir='ltr'><em>ἐπολιόρκεον</em></span> <span class='ocrx_word' id='word_1_126' title='bbox 914 1607 1042 1695; x_wconf 90' lang='grc' dir='ltr'><em>τρόπον</em></span> <span class='ocrx_word' id='word_1_127' title='bbox 1055 1634 1126 1676; x_wconf 84' lang='grc' dir='ltr'><em>τοι·</em></span> 
     </span>
     <span class='ocr_line' id='line_1_16' title="bbox 117 1703 1125 1799; baseline 0.001 -28"><span class='ocrx_word' id='word_1_128' title='bbox 117 1704 212 1771; x_wconf 89' lang='grc' dir='ltr'><em>όνδε·</em></span> <span class='ocrx_word' id='word_1_129' title='bbox 231 1703 317 1784; x_wconf 85' lang='grc' dir='ltr'><em>ὅκως</em></span> <span class='ocrx_word' id='word_1_130' title='bbox 328 1722 487 1777; x_wconf 77' lang='grc' dir='ltr'><em>στυπελον</em></span> <span class='ocrx_word' id='word_1_131' title='bbox 498 1710 574 1794; x_wconf 80' lang='grc' dir='ltr'><em>περὶ</em></span> <span class='ocrx_word' id='word_1_132' title='bbox 585 1704 665 1786; x_wconf 88' lang='grc' dir='ltr'><em>τούς</em></span> <span class='ocrx_word' id='word_1_133' title='bbox 675 1703 808 1785; x_wconf 81' lang='grc' dir='ltr'><em>ὀιστούς</em></span> <span class='ocrx_word' id='word_1_134' title='bbox 818 1708 1014 1792; x_wconf 76' lang='grc' dir='ltr'><em>περιθέντες</em></span> <span class='ocrx_word' id='word_1_135' title='bbox 1026 1703 1125 1799; x_wconf 82' lang='grc' dir='ltr'><em>άψει-</em></span> 
     </span>
     <span class='ocr_line' id='line_1_17' title="bbox 116 1799 1124 1892; baseline 0.002 -24"><span class='ocrx_word' id='word_1_136' title='bbox 116 1827 177 1887; x_wconf 91' lang='grc' dir='ltr'><em>αν,</em></span> <span class='ocrx_word' id='word_1_137' title='bbox 198 1802 352 1882; x_wconf 83' lang='grc' dir='ltr'><em>έτόξευον</em></span> <span class='ocrx_word' id='word_1_138' title='bbox 366 1807 400 1884; x_wconf 85' lang='grc' dir='ltr'><em>ές</em></span> <span class='ocrx_word' id='word_1_139' title='bbox 411 1803 450 1874; x_wconf 88' lang='grc' dir='ltr'><em>τδ</em></span> <span class='ocrx_word' id='word_1_140' title='bbox 466 1805 614 1892; x_wconf 86' lang='grc' dir='ltr'><em>φράγμα.</em></span> <span class='ocrx_word' id='word_1_141' title='bbox 635 1805 785 1870; x_wconf 81' lang='grc' dir='ltr'><em>ἐνθαῦτα</em></span> <span class='ocrx_word' id='word_1_142' title='bbox 800 1799 990 1888; x_wconf 78' lang='grc' dir='ltr'><em>Ἀθηναίων</em></span> <span class='ocrx_word' id='word_1_143' title='bbox 1008 1807 1044 1871; x_wconf 85' lang='grc' dir='ltr'><em>ολ</em></span> <span class='ocrx_word' id='word_1_144' title='bbox 1062 1828 1124 1870; x_wconf 89' lang='grc' dir='ltr'><em>πο-</em></span> 
     </span>
     <span class='ocr_line' id='line_1_18' title="bbox 116 1897 1122 1990; baseline -0.001 -22"><span class='ocrx_word' id='word_1_145' title='bbox 116 1898 346 1985; x_wconf 88' lang='grc' dir='ltr'><em>λιορκεόμενοι</em></span> <span class='ocrx_word' id='word_1_146' title='bbox 360 1900 452 1990; x_wconf 80' lang='grc' dir='ltr'><em>ὅμως</em></span> <span class='ocrx_word' id='word_1_147' title='bbox 463 1900 652 1990; x_wconf 79' lang='grc' dir='ltr'><em>ἠμύνοντο,</em></span> <span class='ocrx_word' id='word_1_148' title='bbox 668 1907 787 1988; x_wconf 84' lang='grc' dir='ltr'><em>καίπερ</em></span> <span class='ocrx_word' id='word_1_149' title='bbox 804 1902 838 1978; x_wconf 86' lang='grc' dir='ltr'><em>ές</em></span> <span class='ocrx_word' id='word_1_150' title='bbox 850 1897 888 1968; x_wconf 87' lang='grc' dir='ltr'><em>τό</em></span> <span class='ocrx_word' id='word_1_151' title='bbox 907 1905 1047 1986; x_wconf 77' lang='grc' dir='ltr'><em>ἔσχατον</em></span> <span class='ocrx_word' id='word_1_152' title='bbox 1063 1928 1122 1968; x_wconf 87' lang='grc' dir='ltr'><em>κα-</em></span> 
     </span>
    </p>

    <p class='ocr_par' dir='ltr' id='par_1_3' title="bbox 19 1994 1125 3070">
     <span class='ocr_line' id='line_1_19' title="bbox 19 1994 1123 2087; baseline 0.002 -23"><span class='ocrx_word' id='word_1_153' title='bbox 19 2045 23 2053; x_wconf 84' lang='lat'>·</span> <span class='ocrx_word' id='word_1_154' title='bbox 114 2004 178 2064; x_wconf 85' lang='grc' dir='ltr'><em>κοῦ</em></span> <span class='ocrx_word' id='word_1_155' title='bbox 196 1994 372 2084; x_wconf 75' lang='grc' dir='ltr'><em>ἀπιγμένοι</em></span> <span class='ocrx_word' id='word_1_156' title='bbox 389 2005 445 2069; x_wconf 83' lang='grc' dir='ltr'><em>καλ</em></span> <span class='ocrx_word' id='word_1_157' title='bbox 463 2008 525 2069; x_wconf 83' lang='grc' dir='ltr'><em>τοῦ</em></span> <span class='ocrx_word' id='word_1_158' title='bbox 547 2000 742 2087; x_wconf 76' lang='grc' dir='ltr'><em>φράγματος</em></span> <span class='ocrx_word' id='word_1_159' title='bbox 756 1997 1017 2084; x_wconf 86' lang='grc' dir='ltr'><em>προδεδωκότος.</em></span> <span class='ocrx_word' id='word_1_160' title='bbox 1043 1995 1123 2066; x_wconf 77' lang='grc' dir='ltr'><em>ούδλ</em></span> 
     </span>
     <span class='ocr_line' id='line_1_20' title="bbox 114 2092 1125 2186; baseline 0.002 -26"><span class='ocrx_word' id='word_1_161' title='bbox 114 2093 237 2179; x_wconf 91' lang='grc' dir='ltr'><em>λόγους</em></span> <span class='ocrx_word' id='word_1_162' title='bbox 251 2102 320 2163; x_wconf 77' lang='grc' dir='ltr'><em>τῶν</em></span> <span class='ocrx_word' id='word_1_163' title='bbox 339 2101 641 2186; x_wconf 88' lang='grc' dir='ltr'><em>Πεισιστρατιδέων</em></span> <span class='ocrx_word' id='word_1_164' title='bbox 657 2094 921 2182; x_wconf 84' lang='grc' dir='ltr'><em>προσφερόντων</em></span> <span class='ocrx_word' id='word_1_165' title='bbox 942 2097 1019 2180; x_wconf 78' lang='grc' dir='ltr'><em>περὶ</em></span> <span class='ocrx_word' id='word_1_166' title='bbox 1040 2092 1125 2182; x_wconf 88' lang='grc' dir='ltr'><em>ὁμο-</em></span> 
     </span>
     <span class='ocr_line' id='line_1_21' title="bbox 114 2190 1121 2284; baseline 0.005 -27"><span class='ocrx_word' id='word_1_167' title='bbox 114 2197 227 2277; x_wconf 87' lang='grc' dir='ltr'><em>λογίης</em></span> <span class='ocrx_word' id='word_1_168' title='bbox 239 2195 442 2283; x_wconf 87' lang='grc' dir='ltr'><em>ἐνεδέκοντο,</em></span> <span class='ocrx_word' id='word_1_169' title='bbox 450 2194 658 2284; x_wconf 87' lang='grc' dir='ltr'><em>ἀμυνόμενοι</em></span> <span class='ocrx_word' id='word_1_170' title='bbox 669 2195 705 2262; x_wconf 79' lang='grc' dir='ltr'><em>δὲ</em></span> <span class='ocrx_word' id='word_1_171' title='bbox 716 2191 802 2261; x_wconf 79' lang='grc' dir='ltr'><em>ἀλλα</em></span> <span class='ocrx_word' id='word_1_172' title='bbox 813 2219 848 2259; x_wconf 90' lang='grc' dir='ltr'><em>τε</em></span> <span class='ocrx_word' id='word_1_173' title='bbox 856 2190 1121 2278; x_wconf 85' lang='grc' dir='ltr'><em>ἀντεμηχανέον-</em></span> 
     </span>
     <span class='ocr_line' id='line_1_22' title="bbox 112 2287 1124 2381; baseline 0.007 -27"><span class='ocrx_word' id='word_1_174' title='bbox 112 2315 150 2355; x_wconf 93' lang='grc' dir='ltr'><em>το</em></span> <span class='ocrx_word' id='word_1_175' title='bbox 164 2292 220 2356; x_wconf 82' lang='grc' dir='ltr'><em>καὶ</em></span> <span class='ocrx_word' id='word_1_176' title='bbox 235 2288 275 2377; x_wconf 84' lang='grc' dir='ltr'><em>δὴ</em></span> <span class='ocrx_word' id='word_1_177' title='bbox 287 2295 342 2360; x_wconf 83' lang='grc' dir='ltr'><em>καὶ</em></span> <span class='ocrx_word' id='word_1_178' title='bbox 353 2295 565 2381; x_wconf 86' lang='grc' dir='ltr'><em>προσιόντων</em></span> <span class='ocrx_word' id='word_1_179' title='bbox 575 2301 644 2362; x_wconf 81' lang='grc' dir='ltr'><em>τῶν</em></span> <span class='ocrx_word' id='word_1_180' title='bbox 654 2293 838 2380; x_wconf 80' lang='grc' dir='ltr'><em>βαρβάρων</em></span> <span class='ocrx_word' id='word_1_181' title='bbox 848 2288 933 2377; x_wconf 85' lang='grc' dir='ltr'><em>πρός</em></span> <span class='ocrx_word' id='word_1_182' title='bbox 943 2287 1003 2370; x_wconf 79' lang='grc' dir='ltr'><em>τάς</em></span> <span class='ocrx_word' id='word_1_183' title='bbox 1013 2292 1124 2371; x_wconf 86' lang='grc' dir='ltr'><em>πύλας</em></span> 
     </span>
     <span class='ocr_line' id='line_1_23' title="bbox 113 2385 1123 2480; baseline 0.006 -27"><span class='ocrx_word' id='word_1_184' title='bbox 113 2385 327 2475; x_wconf 83' lang='grc' dir='ltr'><em>ὀλοιτρόχους</em></span> <span class='ocrx_word' id='word_1_185' title='bbox 346 2390 487 2462; x_wconf 85' lang='grc' dir='ltr'><em>ἀπίεσαν</em></span> <span class='ocrx_word' id='word_1_186' title='bbox 512 2394 596 2463; x_wconf 75' lang='grc' dir='ltr'><em>ὥστε</em></span> <span class='ocrx_word' id='word_1_187' title='bbox 619 2395 747 2480; x_wconf 76' lang='grc' dir='ltr'><em>Ξέρξην</em></span> <span class='ocrx_word' id='word_1_188' title='bbox 766 2392 820 2460; x_wconf 81' lang='grc' dir='ltr'><em>ἐπὶ</em></span> <span class='ocrx_word' id='word_1_189' title='bbox 839 2391 966 2478; x_wconf 82' lang='grc' dir='ltr'><em>χρόνον</em></span> <span class='ocrx_word' id='word_1_190' title='bbox 993 2391 1123 2480; x_wconf 84' lang='grc' dir='ltr'><em>συχνόν</em></span> 
     </span>
     <span class='ocr_line' id='line_1_24' title="bbox 64 2486 1122 2586; baseline 0.007 -30"><span class='ocrx_word' id='word_1_191' title='bbox 64 2511 98 2564; x_wconf 72' lang='lat'><em>53</em></span> <span class='ocrx_word' id='word_1_192' title='bbox 113 2486 268 2577; x_wconf 84' lang='grc' dir='ltr'><em>άπορίησι</em></span> <span class='ocrx_word' id='word_1_193' title='bbox 285 2493 458 2576; x_wconf 78' lang='grc' dir='ltr'><em>ἐνέχεσθαι</em></span> <span class='ocrx_word' id='word_1_194' title='bbox 479 2491 521 2563; x_wconf 89' lang='grc' dir='ltr'><em>ού</em></span> <span class='ocrx_word' id='word_1_195' title='bbox 535 2493 729 2580; x_wconf 87' lang='grc' dir='ltr'><em>δυνάμενύν</em></span> <span class='ocrx_word' id='word_1_196' title='bbox 748 2512 853 2578; x_wconf 91' lang='grc' dir='ltr'><em>σφεας</em></span> <span class='ocrx_word' id='word_1_197' title='bbox 866 2493 961 2561; x_wconf 78' lang='grc' dir='ltr'><em>ε’λελυ.</em></span> <span class='ocrx_word' id='word_1_198' title='bbox 997 2493 1122 2586; x_wconf 85' lang='grc' dir='ltr'><em>Χρόνφ</em></span> 
     </span>
     <span class='ocr_line' id='line_1_25' title="bbox 112 2585 1121 2680; baseline 0.005 -25"><span class='ocrx_word' id='word_1_199' title='bbox 112 2585 144 2654; x_wconf 89' lang='grc' dir='ltr'><em>δ’</em></span> <span class='ocrx_word' id='word_1_200' title='bbox 161 2591 197 2655; x_wconf 89' lang='grc' dir='ltr'><em>ἐκ</em></span> <span class='ocrx_word' id='word_1_201' title='bbox 213 2595 281 2655; x_wconf 80' lang='grc' dir='ltr'><em>τῶν</em></span> <span class='ocrx_word' id='word_1_202' title='bbox 294 2585 433 2677; x_wconf 87' lang='grc' dir='ltr'><em>ἀπόρων</em></span> <span class='ocrx_word' id='word_1_203' title='bbox 445 2593 554 2680; x_wconf 86' lang='grc' dir='ltr'><em>ἐφάνη</em></span> <span class='ocrx_word' id='word_1_204' title='bbox 566 2593 608 2679; x_wconf 90' lang='grc' dir='ltr'><em>δη’</em></span> <span class='ocrx_word' id='word_1_205' title='bbox 618 2618 667 2671; x_wconf 87' lang='grc' dir='ltr'><em>τις</em></span> <span class='ocrx_word' id='word_1_206' title='bbox 680 2594 795 2669; x_wconf 80' lang='grc' dir='ltr'><em>ἔσοδος</em></span> <span class='ocrx_word' id='word_1_207' title='bbox 804 2603 889 2658; x_wconf 76' lang='grc' dir='ltr'><em>τοῖσι</em></span> <span class='ocrx_word' id='word_1_208' title='bbox 899 2588 1121 2678; x_wconf 79' lang='grc' dir='ltr'><em>βαρβάροισι·</em></span> 
     </span>
     <span class='ocr_line' id='line_1_26' title="bbox 110 2683 1121 2778; baseline 0.005 -28"><span class='ocrx_word' id='word_1_209' title='bbox 110 2689 182 2751; x_wconf 81' lang='grc' dir='ltr'><em>ἔδεε</em></span> <span class='ocrx_word' id='word_1_210' title='bbox 197 2683 263 2771; x_wconf 85' lang='grc' dir='ltr'><em>γάρ</em></span> <span class='ocrx_word' id='word_1_211' title='bbox 277 2684 361 2754; x_wconf 85' lang='grc' dir='ltr'><em>κατά</em></span> <span class='ocrx_word' id='word_1_212' title='bbox 372 2686 410 2756; x_wconf 86' lang='grc' dir='ltr'><em>τό</em></span> <span class='ocrx_word' id='word_1_213' title='bbox 422 2691 633 2778; x_wconf 79' lang='grc' dir='ltr'><em>θεοπρόπιον</em></span> <span class='ocrx_word' id='word_1_214' title='bbox 643 2696 756 2757; x_wconf 85' lang='grc' dir='ltr'><em>πάσαν</em></span> <span class='ocrx_word' id='word_1_215' title='bbox 765 2684 829 2774; x_wconf 76' lang='grc' dir='ltr'><em>τὴν</em></span> <span class='ocrx_word' id='word_1_216' title='bbox 840 2685 992 2775; x_wconf 77' lang='grc' dir='ltr'><em>Ἀττικὴν</em></span> <span class='ocrx_word' id='word_1_217' title='bbox 1007 2687 1075 2776; x_wconf 77' lang='grc' dir='ltr'><em>τὴν</em></span> <span class='ocrx_word' id='word_1_218' title='bbox 1085 2692 1121 2757; x_wconf 87' lang='grc' dir='ltr'><em>έν</em></span> 
     </span>
     <span class='ocr_line' id='line_1_27' title="bbox 109 2778 1122 2877; baseline 0.006 -29"><span class='ocrx_word' id='word_1_219' title='bbox 109 2789 151 2870; x_wconf 80' lang='grc' dir='ltr'><em>τῇ</em></span> <span class='ocrx_word' id='word_1_220' title='bbox 164 2778 290 2872; x_wconf 83' lang='grc' dir='ltr'><em>ἠπείρφ</em></span> <span class='ocrx_word' id='word_1_221' title='bbox 304 2791 464 2870; x_wconf 86' lang='grc' dir='ltr'><em>γενέσθαι</em></span> <span class='ocrx_word' id='word_1_222' title='bbox 478 2786 545 2856; x_wconf 84' lang='grc' dir='ltr'><em>ύπδ</em></span> <span class='ocrx_word' id='word_1_223' title='bbox 556 2793 714 2877; x_wconf 84' lang='grc' dir='ltr'><em>Πέρσησι.</em></span> <span class='ocrx_word' id='word_1_224' title='bbox 737 2792 909 2872; x_wconf 78' lang='grc' dir='ltr'><em>ἔμπροσθε</em></span> <span class='ocrx_word' id='word_1_225' title='bbox 922 2778 971 2855; x_wconf 83' lang='grc' dir='ltr'><em>ύν</em></span> <span class='ocrx_word' id='word_1_226' title='bbox 982 2784 1052 2874; x_wconf 90' lang='grc' dir='ltr'><em>πρδ</em></span> <span class='ocrx_word' id='word_1_227' title='bbox 1064 2793 1122 2874; x_wconf 79' lang='grc' dir='ltr'><em>τῆς</em></span> 
     </span>
     <span class='ocr_line' id='line_1_28' title="bbox 109 2876 1121 2973; baseline 0.006 -28"><span class='ocrx_word' id='word_1_228' title='bbox 109 2876 327 2968; x_wconf 86' lang='grc' dir='ltr'><em>ἀκροπόλιος,</em></span> <span class='ocrx_word' id='word_1_229' title='bbox 350 2881 474 2954; x_wconf 78' lang='grc' dir='ltr'><em>ὄπισθε</em></span> <span class='ocrx_word' id='word_1_230' title='bbox 488 2888 525 2954; x_wconf 72' lang='grc' dir='ltr'><em>δὲ</em></span> <span class='ocrx_word' id='word_1_231' title='bbox 538 2893 607 2954; x_wconf 79' lang='grc' dir='ltr'><em>τῶν</em></span> <span class='ocrx_word' id='word_1_232' title='bbox 621 2888 756 2955; x_wconf 85' lang='grc' dir='ltr'><em>πυλέων</em></span> <span class='ocrx_word' id='word_1_233' title='bbox 770 2886 897 2971; x_wconf 77' lang='grc' dir='ltr'><em>καὶτῆς</em></span> <span class='ocrx_word' id='word_1_234' title='bbox 910 2881 1060 2971; x_wconf 85' lang='grc' dir='ltr'><em>ἀνόδου,</em></span> <span class='ocrx_word' id='word_1_235' title='bbox 1082 2891 1121 2973; x_wconf 77' lang='grc' dir='ltr'><em>τῇ</em></span> 
     </span>
     <span class='ocr_line' id='line_1_29' title="bbox 109 2973 1121 3070; baseline 0.007 -29"><span class='ocrx_word' id='word_1_236' title='bbox 109 2973 149 3062; x_wconf 79' lang='grc' dir='ltr'><em>δὴ</em></span> <span class='ocrx_word' id='word_1_237' title='bbox 166 2974 242 3044; x_wconf 83' lang='grc' dir='ltr'><em>ούτε</em></span> <span class='ocrx_word' id='word_1_238' title='bbox 262 3005 311 3057; x_wconf 89' lang='grc' dir='ltr'><em>τις</em></span> <span class='ocrx_word' id='word_1_239' title='bbox 326 2981 495 3067; x_wconf 79' lang='grc' dir='ltr'><em>ἐφύλασσε</em></span> <span class='ocrx_word' id='word_1_240' title='bbox 516 2981 589 3051; x_wconf 75' lang='grc' dir='ltr'><em>οὔτ’</em></span> <span class='ocrx_word' id='word_1_241' title='bbox 611 2980 655 3051; x_wconf 86' lang='grc' dir='ltr'><em>άν</em></span> <span class='ocrx_word' id='word_1_242' title='bbox 674 2981 794 3070; x_wconf 80' lang='grc' dir='ltr'><em>ἤλπισε</em></span> <span class='ocrx_word' id='word_1_243' title='bbox 813 2980 860 3068; x_wconf 79' lang='grc' dir='ltr'><em>μή</em></span> <span class='ocrx_word' id='word_1_244' title='bbox 878 2980 956 3049; x_wconf 86' lang='grc' dir='ltr'><em>κοτέ</em></span> <span class='ocrx_word' id='word_1_245' title='bbox 967 3005 1019 3060; x_wconf 90' lang='grc' dir='ltr'><em>τις</em></span> <span class='ocrx_word' id='word_1_246' title='bbox 1034 2979 1121 3050; x_wconf 80' lang='grc' dir='ltr'><em>κατὰ</em></span> 
     </span>
    </p>
   </div>
   <div class='ocr_carea' id='block_1_3' title="bbox 93 3071 1118 3458">
    <p class='ocr_par' dir='ltr' id='par_1_4' title="bbox 93 3071 1118 3458">
     <span class='ocr_line' id='line_1_30' title="bbox 107 3071 1118 3168; baseline 0.01 -30"><span class='ocrx_word' id='word_1_247' title='bbox 107 3078 212 3140; x_wconf 84' lang='grc' dir='ltr'><em>ταῦτα</em></span> <span class='ocrx_word' id='word_1_248' title='bbox 226 3071 370 3161; x_wconf 85' lang='grc' dir='ltr'><em>ἀναβαίη</em></span> <span class='ocrx_word' id='word_1_249' title='bbox 388 3075 601 3168; x_wconf 75' lang='grc' dir='ltr'><em>ἀνθρώπων,</em></span> <span class='ocrx_word' id='word_1_250' title='bbox 621 3079 727 3166; x_wconf 88' lang='grc' dir='ltr'><em>ταύτη</em></span> <span class='ocrx_word' id='word_1_251' title='bbox 740 3076 913 3166; x_wconf 83' lang='grc' dir='ltr'><em>ἀνέβησάν</em></span> <span class='ocrx_word' id='word_1_252' title='bbox 926 3103 1016 3157; x_wconf 87' lang='grc' dir='ltr'><em>τινες</em></span> <span class='ocrx_word' id='word_1_253' title='bbox 1034 3075 1118 3148; x_wconf 80' lang='grc' dir='ltr'><em>κατά</em></span> 
     </span>
     <span class='ocr_line' id='line_1_31' title="bbox 106 3165 1118 3265; baseline 0.012 -30"><span class='ocrx_word' id='word_1_254' title='bbox 106 3165 144 3235; x_wconf 85' lang='grc' dir='ltr'><em>τὸ</em></span> <span class='ocrx_word' id='word_1_255' title='bbox 159 3167 236 3252; x_wconf 87' lang='grc' dir='ltr'><em>ίρόν</em></span> <span class='ocrx_word' id='word_1_256' title='bbox 249 3177 308 3258; x_wconf 82' lang='grc' dir='ltr'><em>τῆς</em></span> <span class='ocrx_word' id='word_1_257' title='bbox 322 3177 496 3260; x_wconf 84' lang='grc' dir='ltr'><em>Κέκροπος</em></span> <span class='ocrx_word' id='word_1_258' title='bbox 509 3174 681 3265; x_wconf 83' lang='grc' dir='ltr'><em>θυγατρός</em></span> <span class='ocrx_word' id='word_1_259' title='bbox 698 3174 906 3263; x_wconf 78' lang='grc' dir='ltr'><em>Ἀγλαύρου,</em></span> <span class='ocrx_word' id='word_1_260' title='bbox 927 3182 1039 3246; x_wconf 85' lang='grc' dir='ltr'><em>καίτοι</em></span> <span class='ocrx_word' id='word_1_261' title='bbox 1054 3203 1118 3265; x_wconf 85' lang='grc' dir='ltr'><em>περ</em></span> 
     </span>
     <span class='ocr_line' id='line_1_32' title="bbox 107 3263 1117 3363; baseline 0.012 -32"><span class='ocrx_word' id='word_1_262' title='bbox 107 3263 327 3355; x_wconf 81' lang='grc' dir='ltr'><em>ἀποκρήμνου</em></span> <span class='ocrx_word' id='word_1_263' title='bbox 341 3269 455 3352; x_wconf 83' lang='grc' dir='ltr'><em>ἐόντος</em></span> <span class='ocrx_word' id='word_1_264' title='bbox 464 3281 526 3342; x_wconf 82' lang='grc' dir='ltr'><em>τοῦ</em></span> <span class='ocrx_word' id='word_1_265' title='bbox 540 3275 661 3363; x_wconf 84' lang='grc' dir='ltr'><em>χύρου.</em></span> <span class='ocrx_word' id='word_1_266' title='bbox 685 3270 730 3352; x_wconf 80' lang='grc' dir='ltr'><em>ὡς</em></span> <span class='ocrx_word' id='word_1_267' title='bbox 743 3275 780 3340; x_wconf 71' lang='grc' dir='ltr'><em>δὲ</em></span> <span class='ocrx_word' id='word_1_268' title='bbox 792 3269 883 3339; x_wconf 82' lang='grc' dir='ltr'><em>εἶδον</em></span> <span class='ocrx_word' id='word_1_269' title='bbox 893 3268 1020 3352; x_wconf 80' lang='grc' dir='ltr'><em>αύτούς</em></span> <span class='ocrx_word' id='word_1_270' title='bbox 1031 3271 1117 3344; x_wconf 84' lang='grc' dir='ltr'><em>ἀνα-</em></span> 
     </span>
     <span class='ocr_line' id='line_1_33' title="bbox 93 3365 1118 3458; baseline 0.01 -28"><span class='ocrx_word' id='word_1_271' title='bbox 93 3365 288 3451; x_wconf 79' lang='grc' dir='ltr'><em>βεβηκότας</em></span> <span class='ocrx_word' id='word_1_272' title='bbox 302 3371 339 3436; x_wconf 83' lang='grc' dir='ltr'><em>οῑ</em></span> <span class='ocrx_word' id='word_1_273' title='bbox 350 3365 524 3458; x_wconf 71' lang='grc' dir='ltr'><em>Ἀθηναῖοι</em></span> <span class='ocrx_word' id='word_1_274' title='bbox 542 3375 595 3440; x_wconf 79' lang='grc' dir='ltr'><em>ἐπὶ</em></span> <span class='ocrx_word' id='word_1_275' title='bbox 615 3370 677 3458; x_wconf 78' lang='grc' dir='ltr'><em>την</em></span> <span class='ocrx_word' id='word_1_276' title='bbox 697 3369 899 3458; x_wconf 85' lang='grc' dir='ltr'><em>ἀκρόπολιν,</em></span> <span class='ocrx_word' id='word_1_277' title='bbox 924 3372 960 3437; x_wconf 75' lang='grc' dir='ltr'><em>οἱ</em></span> <span class='ocrx_word' id='word_1_278' title='bbox 976 3372 1043 3455; x_wconf 72' lang='grc' dir='ltr'><em>μὲν</em></span> <span class='ocrx_word' id='word_1_279' title='bbox 1060 3373 1118 3451; x_wconf 82' lang='grc' dir='ltr'><em>έρ·</em></span> 
     </span>
    </p>
   </div>
   <div class='ocr_carea' id='block_1_4' title="bbox 0 0 1194 3840">
    <p class='ocr_par' dir='ltr' id='par_1_5' title="bbox 0 0 1194 3840">
     <span class='ocr_line' id='line_1_34' title="bbox 0 0 1194 3840; baseline 0 4"><span class='ocrx_word' id='word_1_280' title='bbox 0 0 1194 3840; x_wconf 95' lang='lat' dir='ltr'><em> </em></span> 
     </span>
    </p>
   </div>
  </div>
 </body>
</html>
