2378 3840
292 173 852 244 L18‚v11.cAP.9,3-10,7.
1008 170 1071 232 129
1122 139 1128 151 ’

63 328 188 401 δεινόν.
219 327 299 415 Ἐγά
315 332 352 398 δὲ
366 329 504 418 οὐδεμιῇ
515 335 618 418 σοφίη
628 335 738 418 οἰκηίῃ
752 327 851 408 αύτός
864 335 967 396 ταῦτα
982 350 1069 415 συμ-
1084 343 1105 396 ³

61 431 247 518 βάλλομαι,
268 427 342 498 ἀλλ’
359 425 434 500 οἶόν
453 456 530 498 κοτε
546 427 649 515 ἡμέας
665 426 782 512 ὀλίγου
798 429 911 513 έδέησε
925 437 1071 496 καταλα-

62 536 138 616 βεεν
152 527 274 613 πάθος,
289 526 345 595 ὅτε
358 526 466 614 πατὴρ
481 525 569 606 ὁσός
581 527 694 607 ζεύξας
703 527 882 612 Βόσπορον
894 524 955 594 τὸν
966 534 1071 617 Θρηί-

61 649 157 709 κιον,
174 623 375 710 γεφυρώσας
389 627 426 694 δὲ
440 623 592 709 ποταμὸν
599 623 732 709 Ἴστρον
746 627 839 711 διέβη
854 628 907 692 ἐπὶ
917 624 1067 702 Σκύθας.

60 721 138 789 τότε
157 735 308 790 παντοῖοι
326 725 480 808 ἐγένοντο
495 722 633 789 Σκύθαι
654 721 808 806 δεόμενοι
827 719 949 789 Ἰάνων
969 729 1069 788 λῦσαι

61 817 125 889 τὸν
141 818 267 905 πόρον,
288 834 375 887 τοῖσι
396 816 644 905 έπιτέτραπτοὴ
663 815 796 903 φυλακὴ
811 826 879 884 τῶν
893 821 1070 904 γεφυρέων

60 918 272 1005 τοῦἼστρου.
295 923 350 986 καὶ
365 919 440 986 τότε
449 946 487 1005 γε
497 916 648 994 Ἱστιαῖος
659 915 677 985 ὁ
690 916 1025 1002 Μιλήτουτύραννος
1040 924 1071 985 εἰ

60 1017 221 1085 ἐπέσπετο
236 1020 304 1081 τῶν
318 1012 430 1083 ἀλλων
440 1017 620 1100 τυράννων
631 1020 671 1101 τῇ
681 1013 799 1100 γνώμη
809 1015 893 1099 μηδὲ
903 1011 1067 1101 ἠντιώθη,

61 1117 236 1198 διέργαστο
257 1107 303 1178 ἀν
321 1110 362 1179 τά
382 1117 542 1199 Περσέων
561 1112 747 1199 πρήγματα.
778 1121 884 1180 καίτοι
904 1116 959 1182 καὶ
978 1115 1067 1204 λόγῳ

60 1210 205 1279 ἀκοῦσαι
217 1207 348 1296 δεινὸν,
365 1208 418 1277 ἐπ’
431 1208 533 1296 ἀνδρί
539 1236 578 1295 γε
588 1211 638 1276 ἑνὶ
647 1209 757 1276 πάντα
767 1208 808 1276 τά
818 1217 970 1297 βασιλέος
979 1213 1067 1298 πρή-

61 1335 171 1396 γματα
183 1314 396 1394 γεγενῆσθαι.
430 1306 485 1375 Σύ
502 1301 551 1374 άν
571 1305 615 1393 μη
631 1307 755 1393 βούλεο
780 1312 813 1386 ές
826 1313 988 1376 κίνδυνον
1003 1331 1098 1395 μη-λ

61 1409 144 1475 δένα
156 1410 311 1471 τοιοῦτον
322 1402 504 1472 ἀπικέσθαι
515 1409 675 1490 μηδεμιῆς
685 1401 834 1490 ἀνάγκης
848 1405 975 1492 έούσης,
989 1405 1063 1475 ἀλλ’

62 1505 136 1589 ἐμοὶ
148 1507 284 1570 πείθεο·
306 1509 374 1569 νύν
383 1501 515 1588 μέντόν
526 1503 693 1589 σύλλογον
703 1501 802 1569 τόνδε
813 1501 984 1588 διάλυσον,
1001 1499 1067 1570 αύ-

62 1625 110 1677 τις
125 1597 171 1682 δὲ,
187 1595 269 1665 ὅταν
279 1624 331 1667 τοι
343 1601 453 1687 δοκέη,
470 1600 745 1686 προσκεψάμενος
756 1602 809 1667 έπὶ
820 1610 969 1669 σεωυτοῦ
980 1628 1066 1690 προ-

61 1695 204 1782 ἀγόρευε
217 1694 259 1762 τά
274 1722 327 1764 τοι
342 1702 450 1766 δοκέει
463 1698 585 1766 εἶναι’ν
563 1718 689 1783 αριστα.
714 1697 751 1766 τὰ
767 1697 832 1785 γάρ
848 1697 888 1768 εὖ
904 1703 1066 1789 βουλεύε-

61 1806 144 1864 σθαι
159 1796 276 1880 κέρδος
289 1798 446 1880 μέγιστον
461 1793 639 1881 εὑρίσκετ’
623 1796 694 1862 τόν·
718 1796 800 1866 εί
761 1824 826 1885 γαρ
838 1803 893 1894 καὶ
907 1803 987 1867 έναν
977 1827 1065 1867 τιω-

60 1897 168 1980 &qvae
178 1918 209 1958 τι
224 1894 345 1979 ἐθέλει,
360 1893 579 2012 βεβούλευται
593 1897 656 1981 μέν
668 1891 802 1962 οὐδὲν
784 1888 883 1962 εσσον
894 1889 945 1981 εὖ,
960 1900 1065 1964 ἕσσω-

60 2016 113 2057 ται
128 1984 197 2055 δὲ
178 1985 246 2057 υπό
261 1995 319 2075 τῆς
332 1989 434 2110 τύχης
447 1988 484 2058 τό
500 1991 688 2079 βούλευμα·
707 2018 724 2060 ο
744 1994 780 2060 δ
795 1996 1066 2081 βουλευσάμενος
1125 1985 1137 2041 ’-

59 2091 218 2172 αίσχροίς,
234 2094 268 2153 εί
278 2084 341 2154 οί
322 2113 344 2172 η
361 2087 444 2173 τύχη
459 2088 705 2175 έπίσποιτο,”
665 2115 794 2177 ευρημα
809 2089 947 2178 εὕρηκε,
966 2094 1065 2159 ἕσσον

58 2207 93 2251 τε
115 2179 273 2250 ούδένοί
291 2191 401 2264 κακῶς
415 2186 645 2272 βεβούλευται.
685 2184 784 2276 Ορᾷς
804 2186 844 2254 τά
864 2188 1102 2274 ὑπερέχοντα5

58 2275 157 2368 (936‘
135 2305 180 2357 ως
189 2279 379 2365 κεραυνοίὸ
391 2280 473 2360 θεὸς
484 2281 564 2350 ούδδ
577 2285 615 2372 έᾷ
627 2283 864 2372 φαντάζεσθαι,
880 2311 920 2351 τα
908 2282 972 2352 δέ
985 2306 1063 2409 σμι-

57 2403 123 2463 κρα
110 2374 241 2446 οὐδέν
256 2406 316 2464 μιν
330 2377 479 2464 κνίζει,’
464 2385 546 2468 ορᾷς
561 2377 652 2465 ‹6st
630 2406 675 2459 ως
690 2382 724 2459 ές
738 2381 950 2468 οἰκήματα
914 2409 954 2449 τα
970 2387 1065 2468 μέγι-

56 2494 118 2543 στα
135 2481 172 2544 αί
157 2478 199 2544 lez
220 2477 276 2544 καὶ
291 2480 431 2561 δένδρεα
451 2473 491 2542 τά
513 2485 652 2545 τοιαῦτα
667 2477 873 2564 ἀποσκήπτει
893 2477 934 2546 τά
955 2483 1061 2564 βέλεα.

57 2576 164 2658 φιλέει
177 2570 242 2658 γάρ
257 2571 276 2639 ὁ
290 2571 372 2652 θεὸς
389 2571 430 2640 τά
445 2569 650 2692 ὑπερέχοντα
660 2575 770 2642 πάντα
785 2574 950 2643 κολούειν.
974 2574 1062 2642 οὕτω

56 2668 97 2756 δὴ
118 2672 174 2737 καὶ
194 2668 334 2756 στρατὸς
354 2666 520 2749 πολλὰς
498 2669 560 2739 υπ’
586 2670 704 2758 ὀλίγου
726 2678 957 2760 διαφθείρεται
978 2673 1062 2742 κατά

53 2767 202 2836 τοιόνδε·
231 2767 333 2835 έπεάν
353 2788 414 2854 σφι
435 2766 551 2848 ὁθεὸς
572 2772 750 2859 φθονήσας
767 2773 878 2862 φόβον
893 2770 1062 2860 έμβάληη

52 2865 218 2955 βροντήν,
233 2858 324 2932 δι’
296 2892 346 2933 ων
357 2867 558 2954 ἐφθάρησαν
574 2867 744 2950 ἀναξίως
727 2897 870 2938 εωυτων.
893 2869 935 2938 ού
946 2896 1061 2958 γαρ
1024 2872 1061 2937 έ

52 2967 213 3052 φρονέειν
226 2961 341 3051 μέγα
326 2991 344 3032 ο
360 2963 556 3044 θεόςάλλον
571 2994 592 3053 η
578 2962 741 3037 ’.ἑωυτόν
773 2966 984 3052 Ἐπειχθῆναι
998 2970 1060 3051 μέν
1077 2983 1095 3036 6

51 3089 119 3130 νυν
132 3069 201 3130 πᾶν
215 3070 351 3149 πρῆγμα
364 3063 473 3131 τίκτει
482 3062 677 3152 σφάλματα,
694 3068 730 3134 έκ
747 3071 816 3132 τῶν
831 3069 940 3148 ζημίαι
954 3061 1059 3147 μεγά-

50 3169 108 3228 λαι
124 3160 279 3276 φιλέουσι
292 3164 465 3244 γίνεσθαι,
487 3161 526 3226 έν
540 3162 577 3228 δέ
590 3187 636 3251 τςο
621 3164 807 3281 ἐπισχεῖν
811 3164 919 3226 ένεστι
933 3155 1059 3244 ἀγαθά,

51 3263 82 3325 εί
98 3282 144 3343 μη
132 3252 346 3341 παραυτίκα
362 3259 522 3324 δοκέοντα
537 3257 638 3344 εἶναι,
654 3256 730 3325 ἀλλ’
746 3256 811 3324 ἀνά
824 3256 951 3342 χρόνον
965 3251 1061 3335 ἐξεύ-

51 3380 106 3438 ροι
120 3376 171 3429 τις
185 3349 237 3419 άν.
259 3357 338 3498 ΠΣοὶ
353 3354 415 3438 μέν
431 3351 471 3440 δὴ
485 3362 599 3439 ταῦτα,
618 3348 646 3421 ὦ
659 3361 809 3440 βασιλεῦ,
825 3353 1060 3440 συμβουλεύω,
1076 3369 1094 3425 1

137 3461 237 3499 σεεοο.
285 3485 291 3496 .
904 3451 921 3502 9
