2378 3840
146 173 206 238 156
521 158 773 234 κεεοοοτι

93 352 128 409 73
138 333 376 422 Ἀρτυστώνης.
421 316 553 422 Φρύγες
568 337 605 401 δέ
625 330 794 420 ἀγχοτάτω
818 338 876 418 τῆς
893 336 1152 417 Παφλαγονικῆς

143 435 269 523 σκευήν
286 432 384 523 εἶχον,
401 433 516 524 ὀλίγον
527 438 826 523 παραλλάσσοντες.
850 439 885 503 οί
900 434 936 503 δὲ
949 434 1091 522 Φρύγες,
1109 434 1152 515 ὡς

145 532 343 612 Μακεδόνες
357 536 510 620 λέγουσι,
525 535 700 602 ἐκαλέοντο
714 539 833 618 Βρίγες
845 532 971 620 χρόνον
988 532 1071 600 ὅσον
1082 529 1152 601 Εὐ-

145 631 286 716 ρωπήιοι
301 630 413 709 ἐόντες
427 631 580 699 σύνοικοι
595 624 686 717 ήσαν
698 629 885 714 Μακεδόσι,
900 628 1100 717 μεταβάντες
1115 629 1151 696 δὲ

146 731 179 807 ἐς
195 727 257 815 τήν
274 725 387 814 Ἀσίην
401 725 469 814 ἅμα
484 735 524 816 τῇ
540 729 632 816 χάρη
647 731 702 796 καλ
718 724 756 794 τό
778 725 908 812 οὕνομα
922 732 1104 814 μετέβαλον
1120 730 1152 805 ές

146 827 291 912 Φρύγας.
309 822 475 914 Ἀρμένιοι
491 829 528 893 δὲ
550 823 697 912 κατάπερ
718 823 850 912 Φρύγες
864 825 1058 911 ἐσεσάχατο,
1076 825 1153 893 ἐόν-

147 952 199 1006 τες
214 932 361 1011 Φρυγῶν
381 922 525 993 άττοικοι.
553 925 685 992 τούτων
699 924 966 1009 συναμφοτέρων
985 918 1065 1011 ήρχε
1078 921 1154 1010 Ἀρ-

98 1042 133 1098 74
147 1025 277 1110 τόχμης,
288 1030 437 1112 Δαρείου
448 1029 533 1110 ἔχων
543 1027 723 1108 θυγατέρα.
741 1022 847 1089 Λυδοὶ
859 1023 895 1090 δὲ
906 1019 1075 1108 ἀγχοτάτω
1086 1030 1152 1089 τῶν

142 1121 347 1209 Ἑλληνικῶν
363 1120 453 1210 εἰχον
465 1120 563 1190 ὅπλα.
591 1125 625 1189 οί
639 1122 675 1189 δὲ
688 1123 795 1188 Λυδοί
809 1125 959 1206 Μηίονες
976 1123 1155 1188 ἐκαλεῦντο

147 1220 184 1290 τό
197 1223 312 1306 πάλαι,
327 1223 380 1289 έπλ
393 1220 430 1289 δὲ
440 1223 558 1289 Λυδοῦ
567 1226 630 1287 τοῦ
637 1217 757 1297 ’Ἆτνος
767 1223 865 1303 ἐσχον
876 1216 938 1304 τήν
950 1220 1156 1304 ἐπωνυμίην,

149 1319 391 1410 μεταβαλόντες
407 1317 443 1387 τδ
461 1316 600 1406 οὔνομα.
627 1321 744 1386 Μυσοὶ
765 1319 802 1386 δὲ
816 1321 869 1386 ἐπὶ
883 1318 945 1405 μὲν
958 1327 1034 1408 τήσι
1049 1344 1154 1407 κεφα-

148 1425 224 1508 λῇσι
239 1417 328 1505 εἶχον
341 1417 468 1504 κράνεα
483 1416 658 1505 ἐπιχώρια,
675 1413 818 1496 άσπίδας
834 1417 871 1484 δέ
884 1415 1036 1504 σμικράς,
1052 1414 1154 1484 άκον-

148 1523 246 1584 τίοισι
258 1517 294 1584 δέ
301 1517 453 1602 ἐχρέοντο
465 1515 681 1584 ἐπικαύτοισι.
698 1507 793 1583 οὗτοι
804 1517 845 1583 δέ
853 1522 915 1584 είσι
921 1521 1045 1584 Λυδῶν
1057 1515 1155 1584 άποι-

149 1640 219 1698 κοι,
236 1610 299 1680 ἀπ’
321 1612 509 1700 Οὐλύμπου
526 1613 563 1681 δὲ
585 1611 704 1697 οὔρεος
718 1614 895 1680 καλέονται
910 1611 1155 1700 Οόλνμπιηνοί.

149 1716 274 1779 Λυδῶν
287 1711 324 1779 δὲ
335 1713 390 1779 καὶ
401 1717 536 1778 Μυσῶν
546 1703 627 1800 ήρχε
638 1707 891 1797 Ἀρταφέρνηςὸ
907 1709 1157 1798 Ἀρταφέρνεος,

101 1823 135 1879 75
151 1808 187 1889 ὃς
202 1812 234 1889 ές
249 1816 452 1893 Μαραθῶνα
467 1810 602 1897 ἐσέβαλε
616 1807 686 1896 άμα
699 1807 794 1876 Δάτι.
819 1808 960 1896 Θρήικες
976 1807 1013 1876 δὲ
1026 1810 1078 1876 έπλ
1095 1807 1158 1892 μὲν

150 1914 225 1996 τῇσι
240 1915 403 1998 κεφαλῇσι
418 1905 608 1986 ἀλωπεκέας
622 1913 753 1994 ἔχοντες
767 1907 1016 1995 ἐστρατεύοντο,
1034 1910 1109 1995 περὶ
1120 1907 1159 1974 δὲ

149 2007 186 2076 τό
203 2016 297 2095 σῶμα
314 2015 480 2089 κιθῶνας,
502 2010 554 2076 ἐπὶ
575 2010 612 2075 δέ
633 2006 741 2094 ζειρὰς
755 2011 1032 2095 περιβεβλημένοι
1046 2013 1159 2075 ποικί-

150 2112 219 2189 λας,
228 2106 304 2190 περὶ
316 2104 352 2172 δέ
361 2103 441 2184 τούς
452 2104 558 2183 πόδας
568 2130 603 2172 τε
614 2107 669 2172 καλ
679 2102 738 2183 τάς
747 2104 876 2192 κνήμας
885 2105 1004 2172 πέδιλα
1015 2112 1159 2193 νεβρῶν,

151 2200 234 2288 πρὸς
249 2201 286 2270 δέ
296 2199 436 2271 άκόντιά
446 2229 482 2272 τε
497 2206 551 2271 καλ
562 2206 682 2282 πέλτας
693 2198 749 2273 καὶ
759 2205 936 2290 ἐγχειρίδια
947 2203 1080 2290 σμικρά.
1098 2196 1161 2270 οὗ·

151 2326 202 2368 τοι
215 2302 252 2368 δέ
272 2300 448 2388 διαβάντες
464 2300 527 2388 μέν
539 2302 575 2379 ἐς
587 2298 650 2387 τήν
665 2298 779 2387 Ἀσίην
793 2299 987 2386 ἐκλήθησαν
1002 2303 1159 2385 Βιθυνοί,

144 2400 187 2469 ,τό
204 2404 240 2469 δέ
256 2401 422 2488 πρότερον
436 2403 628 2487 ἐκαλέοντο,
649 2397 695 2478 ῶς
712 2396 808 2469 αὐτοὶ
824 2403 976 2485 λέγουσι,
997 2399 1159 2484 Στρυμό-

151 2531 234 2589 νιοι,
256 2504 422 2581 οίκέοντες
442 2499 702 2590 ἐπλιὶλτρνμόνι·
729 2504 947 2586 ἐξαναστῆναι
969 2502 1009 2567 δέ
1025 2518 1109 2586 φασι
1127 2501 1160 2577 ἐξ

152 2601 266 2687 ήθέων
280 2599 346 2668 ὑπὸ
366 2607 526 2687 Τευκρῶν
542 2624 578 2668 τε
591 2603 648 2669 καὶ
658 2605 801 2668 Μυσῶν.
823 2604 979 2686 Θρηίκων
993 2598 1031 2664 δὲ
1044 2603 1112 2663 τῶν
1123 2599 1156 2662 ἐι

104 2715 137 2771 76
151 2709 192 2790 τῇ
207 2698 298 2788 ’Λσίη
317 2693 398 2786 ήρηε
410 2699 588 2786 Βασσάκης
608 2696 627 2767 ὁ
645 2696 861 2787 Ἀρταβάνου.
907 2750 914 2764 .
924 2749 949 2764 ..
968 2693 1109 2773 άσπίδας
1122 2692 1159 2760 δὲ

154 2796 340 2884 ὠμοβοΐνας
361 2795 450 2883 εἶχον
466 2794 623 2883 σμικράς,
645 2800 700 2865 καλ
720 2795 910 2884 προβόλους
926 2795 989 2863 δύο
1005 2803 1160 2878 λυκιοερ-

152 2901 231 2985 γέας
245 2901 381 2975 ἕκαστος
396 2895 477 2983 εἶχε,
493 2898 545 2964 έπλ
560 2898 597 2964 δὲ
611 2903 685 2986 τῇσι
700 2903 863 2985 κεφαλῇσι
878 2895 1005 2980 κράνεα
1020 2895 1160 2981 χάλκεα·

154 2998 238 3087 πρὸς
251 2999 288 3067 δέ
298 3010 383 3066 τοίσι
395 2997 534 3085 κράνεσι
546 2988 615 3065 ῶτά
625 3024 661 3066 τε
671 2999 727 3066 καλ
737 3001 836 3085 κέρεα
847 3002 979 3084 προσῆν
991 2991 1071 3084 βοὸς
1080 2992 1161 3080 χάλ-

154 3123 230 3183 κεα,
246 3099 373 3182 ἐπῆσαν
387 3095 425 3163 δέ
437 3097 492 3164 καλ
506 3095 624 3181 λόφοι·
646 3093 706 3174 τάς
718 3096 758 3164 δέ
772 3095 901 3181 κνήμας
914 3092 1034 3182 ῥάκεσι
1049 3116 1161 3178 φοινι-

151 3197 483 3280 ’κέοισικατειλίχατο
507 3194 544 3261 ἐν
561 3192 709 3262 τούτοισι
719 3206 805 3261 τοῖσι
815 3189 1083 3279 άνδράσιἎρεός
1093 3189 1161 3256 ἐστι

103 3301 136 3359 17
153 3289 363 3378 χρηστήριον.
395 3291 565 3376 Καβηλέες
582 3289 618 3358 δέ
634 3294 668 3358 οί
683 3295 851 3377 Μηίονες,
870 3287 1033 3356 Λασόνιοι
1048 3288 1085 3353 δὲ
1101 3309 1163 3352 κα-

146 3387 324 3471 λεόμενοι,
340 3385 401 3475 τήν
411 3385 519 3477 αὐτήν
528 3391 637 3470 Κίλιξι
649 3386 738 3475 εἶχον
749 3383 885 3474 σκευήν,
898 3381 962 3472 τήν
972 3379 1047 3470 έγῶ,
1059 3377 1162 3450 ἐπεάν
