2378 3840
146 173 207 240 ιον
244 160 246 170 ’
524 147 774 230 όοοοοουι

143 334 266 404 τεόετο.
292 337 382 414 ἔδοξε
400 324 450 400 τόν
466 336 511 420 τῷ
526 331 630 418 ,Ξέρξη
651 327 669 398 ὁ
686 335 793 416 χῶρος
808 327 892 398 εἶναι
909 330 1081 416 ἐπιτήδεος
1095 333 1151 400 ἐν·

143 433 294 512 διατάξαι
304 457 339 499 τε
350 432 404 498 καὶ
416 431 635 515 ἐξαριθμῆσαι
646 424 707 495 τόν
718 425 871 515 στρατόν,
884 429 939 496 καί
951 431 1058 496 ἐποίεε
1068 433 1150 496 ταῦ-

142 558 191 599 τα.
215 529 274 609 τάς
288 532 350 616 μὲν
365 525 403 616 δὴ
423 529 500 607 νίας
519 523 577 606 τάς
591 525 701 604 πάσας
718 523 922 613 ἀπικομένας
933 527 966 604 ἐς
977 531 1151 612 Δορίσκου

143 635 177 699 οί
196 629 359 716 ναύαρχοι
387 626 607 703 κελεύσαντος
627 627 757 711 Ξέρξεω
779 627 812 703 ἐς
832 621 1069 709 τόναίγιαλόν
1090 620 1151 690 τὸν

142 729 303 816 προσεχέα
309 732 465 819 Δορίσκφ
477 725 648 811 ἐκόμισαν,
660 728 698 792 ἐν
709 730 754 814 τῷ
761 724 858 810 Σάλη
868 749 904 791 τε
912 728 1150 810 Σαμοθρηικίη

142 825 337 895 πεπόλισται
348 824 445 904 πόλις
456 825 510 891 καλ
519 822 629 910 Ζάνη,
640 829 813 893 τελευταία
824 825 861 891 δὲ
871 820 1151 908 αότοῦΣίρρειον

143 925 229 1013 άκρη
245 921 446 1011 οὐνομαστή.
456 914 487 990 Ιὁ
503 924 539 990 δὲ
549 929 655 1009 χῶρος
667 915 766 1001 οὗτος
779 920 816 990 τό
831 920 977 990 παλαιόν
987 915 1033 1009 ἦν
1045 921 1150 988 Κικό-

143 1051 222 1091 νων.
251 1026 284 1101 ἐς
298 1027 418 1089 τοῦτον
432 1018 493 1089 τόν
510 1017 662 1106 αίγιαλόν
679 1020 898 1108 κατασχόντες
907 1019 967 1100 τάς
978 1027 1056 1099 νίας
1070 1017 1150 1089 άυέ-

142 1138 251 1210 ψυχον
265 1119 518 1198 ἀνελκύσαντες.
548 1115 621 1188 ὁδέ
641 1123 679 1190 ἐν
700 1126 746 1212 τςό
766 1128 925 1213 Δορίσκῳ
945 1127 1067 1190 τοῦτον
1089 1119 1150 1188 τόν

93 1238 128 1292 60
141 1221 266 1308 χρόνον
282 1216 339 1305 τῆς
357 1224 509 1306 στρατιῆς
525 1214 676 1307 άρνδμόν
695 1224 850 1290 ἐποιέετο.
881 1219 983 1289 Ὅσον
1000 1224 1063 1308 μέν
1083 1244 1147 1290 υυτ

142 1320 274 1386 ἕκαστοι
295 1332 453 1404 παρεῖχον
482 1322 628 1404 πληδεος
661 1313 827 1405 άριδμόν,
848 1316 911 1387 οὐκ
928 1323 991 1405 ἐχυ
1007 1317 1096 1388 εἶπαι
1110 1316 1149 1387 τό

142 1412 275 1500 άτρεκές
289 1408 342 1479 ὀὐ
352 1408 416 1499 γάρ
428 1414 557 1499 λέγεται
567 1412 652 1500 πρὸς
663 1410 822 1502 οὐδαμῶν
833 1412 1053 1503 ἆνθράπωυ,
1061 1417 1148 1502 σάμ-

141 1535 264 1587 παντος
280 1510 315 1576 δὲ
331 1515 392 1576 τοῦ
406 1516 549 1598 στρατοῦ
570 1517 631 1578 τοῦ
645 1514 748 1592 πεζοῦ
767 1509 952 1600 τόπλῆθος
966 1515 1077 1602 ἐφάνη
1092 1517 1149 1602 ἑβ-

142 1607 331 1696 δομήκοντα
345 1609 400 1676 καλ
416 1602 535 1676 ἑκατόν
548 1608 717 1695 μυριάδες.
748 1613 977 1699 ἐξηρίθμησαν
997 1615 1034 1680 δὲ
1048 1612 1149 1681 τόνδε

68 1775 72 1781 ,
141 1705 200 1776 τόν
221 1705 365 1793 τρόπον·
394 1707 643 1794 συναγαγόντες
659 1708 692 1787 ἐς
713 1709 773 1776 ἕνα
791 1715 902 1795 χῶρον
917 1709 1065 1797 μυριάδα
1086 1707 1149 1776 άν-

140 1804 308 1892 δράπωυ,
323 1807 377 1872 καὶ
389 1805 613 1886 συννάξαντες
624 1804 750 1892 ταύτην
766 1803 810 1885 ὡς
819 1806 963 1893 μάλιστα
974 1807 1073 1894 εἶχον,
1088 1833 1149 1874 πε-

141 1907 326 1992 ριέγραψαν
340 1909 468 1985 ἔξωθεν
483 1905 626 1988 κόκλον,
644 1904 910 1991 περιγράψαντες
926 1903 962 1972 δὲ
976 1901 1065 1972 κάλ’
1045 1907 1148 1971 απίν-

140 2029 193 2080 τες
207 2000 286 2080 τούς
297 2009 442 2122 μυρίους
454 2000 618 2104 αλμασιηυ
627 2006 827 2124 περιέβαλον
838 2001 922 2072 κατά
934 2000 995 2072 τόν
1008 2003 1149 2088 κύκλον,

143 2101 226 2180 ὕψος
241 2098 436 2188 άνηκουσαν
451 2100 550 2189 άνδρί
564 2098 642 2180 ἐς
607 2119 667 2169 τὀν
679 2090 843 2188 ομφαλόυ.
864 2103 991 2190 ταύτην
1003 2105 1038 2172 δὲ
1049 2103 1149 2192 ποιη-

142 2217 257 2279 σαντες
268 2197 389 2278 ἄλλους
400 2202 491 2288 ἐσεβί
488 2205 550 2289 βαζ
551 2227 592 2268 ον
535 2204 635 2281 ζίς
645 2227 681 2269 το
670 2199 1047 2289 περιοικοδομημένον,
1055 2205 1150 2289 μέχρι

140 2290 182 2365 οὗ
193 2298 319 2376 πάντας
333 2320 439 2391 τουτφ
453 2304 499 2387 τῷ
513 2298 626 2390 τράπφ
639 2301 875 2387 ἐξηρίθμησαν.
899 2297 1149 2388 ἀριθμήσαντες

142 2396 178 2462 δὲ
195 2392 277 2463 κατά
293 2399 396 2462 ἔθνεα
411 2397 595 2464 διέτασσον.

95 2511 123 2566 fil
226 2497 269 2561 Οί
290 2493 326 2561 δὲ
348 2493 608 2582 στρατευόμενοι
629 2498 699 2563 οἵδε
720 2489 823 2582 ἦσαν·
850 2499 979 2583 Πέρσαι
1002 2498 1066 2584 μὲν
1082 2488 1148 2565 άδε

140 2591 393 2677 ἐσκευασμένοι·
415 2593 492 2679 περὶ
506 2590 568 2677 μὲν
582 2599 657 2681 τῇσι
671 2594 834 2683 κεφαλῇσι
851 2592 939 2680 ελχον
953 2595 1070 2683 τιήρας
1086 2622 1147 2664 κα-

140 2689 384 2773 λεομένους,π
385 2693 478 2768 ίλονς
495 2687 658 2777 άπαγέας,
681 2696 756 2777 περὶ
777 2690 814 2759 δὲ
828 2689 865 2760 τό
882 2698 977 2779 σῶμα
997 2698 1145 2771 κιθῶνας

139 2783 351 2876 χειριδωτοὺς
365 2796 554 2877 ποικίλους,
575 2796 709 2871 λεπίδος
731 2789 922 2879 οιδηρέης”
902 2805 982 2873 ουιν
997 2798 1147 2879 ἰχθυοει-

140 2889 230 2972 δεος,
251 2884 327 2972 περὶ
345 2883 434 2954 δε
397 2914 437 2954 τα
459 2891 578 2957 σκέλεα
599 2886 817 2976 ἀναξυρίδας,
845 2887 920 2958 άυτλ
941 2892 977 2957 δὲ
961 2887 1081 2959 ἐάσπί
1078 2893 1148 2958 δον

139 2987 259 3072 γε’ρρα,
277 2980 343 3051 ὑπο
332 2981 397 3053 δὲ
412 2994 642 3073 φαρετρεῶνες
657 2988 856 3105 ἐκρέμαντο
878 3013 899 3054 α
901 2985 997 3074 χμάς
1011 2988 1048 3056 δ
1063 2994 1147 3076 βρα

138 3085 213 3168 χίας
224 3080 323 3170 εἶχον,
338 3082 416 3165 τόξα
429 3086 466 3153 δὲ
462 3085 622 3207 μεγάλα,
640 3080 821 3164 όλστουςδὲ
836 3089 1053 3171 καλαμίνους,
1066 3082 1148 3171 πρός

140 3185 175 3250 δέ
140 3186 296 3272 δέγχειρ
298 3188 366 3253 ίδια
383 3181 474 3272 παρά
490 3182 550 3252 τόν
565 3180 675 3264 δεξιόν
692 3181 802 3271 μηρὸν
816 3180 1147 3271 παραιωρεόμεναέκ

140 3289 195 3368 τῆς
216 3282 329 3370 ζώνης.
359 3288 414 3354 καὶ
435 3283 580 3372 ἄρχοντα
596 3293 794 3372 παρείχοντο
810 3282 954 3369 Ὀτάνην
970 3281 1031 3352 τόν
1048 3279 1148 3370 ’Λρή-

140 3399 250 3464 στριος
266 3381 390 3467 πατέρα
405 3386 462 3468 τῆς
472 3383 600 3468 Ξέρξεω
612 3379 783 3469 γυναικός.
805 3382 981 3449 ἐκαλέοντο
996 3381 1034 3448 δέ
1044 3379 1146 3448 πάλαι
