2378 3840
310 177 395 233 LIB.
428 178 474 234 VI.
507 176 606 235 cAP.
642 183 816 240 las—129.
1010 179 1068 245 115

57 329 178 411 κάλως
192 332 355 419 Λαφάνης
369 331 592 420 Εὐφορίωνος
605 343 666 403 τοῦ
681 340 864 424 δεξαμένου
881 366 932 423 τε,
950 339 994 418 ὡς
1008 341 1068 410 λά-

58 458 117 521 ς
131 433 170 501 ἐν
180 427 336 521 Ἀρκαδίῃ
349 436 496 521 λέγεται,
517 432 596 513 τοάς
607 437 843 556 Διοσκούρους
864 444 997 507 οἰκίοισι
1013 443 1068 508 καὶ

57 525 125 601 ἀπὸ
152 527 276 597 τοάτου
308 532 573 611 ξεινοδοκέοντος
598 532 726 611 πάντας
754 532 976 629 ἀνθρώπους,
1012 539 1068 604 καὶ

54 623 202 705 Ἠλελος’
198 624 412 714 ονομαστός’
411 636 546 716 Αγαίου
570 623 663 698 οὗτοι
674 632 736 717 μὲν
747 631 787 720 δὴ
800 631 887 715 ἐξ’
845 641 947 720 ἀυτῆς
957 642 1067 703 Πελο-

56 724 235 814 ποννῆσου
248 717 374 815 ἦλθον,
396 729 432 795 έκ
448 727 484 795 δὲ
501 724 712 814 Ἀθηνέων’
693 737 853 800 απίκοντο
868 735 1065 818 Μεγακλέης

59 849 92 893 τε
106 851 126 894 ο
112 820 361 912 Ἀλκμαίωνος
375 826 498 894 τούτου
509 832 569 894 τοῦ
581 851 671 913 παρα
660 825 866 914 Κροίσού
848 831 1066 916 ἀπικομένου,

56 925 114 993 καὶ
124 920 226 1002 ἀλλος
235 920 461 1011 Ἱπποκλείδης
471 925 674 1011 Τισάνδρου,
683 927 816 1018 πλούτῳ
828 932 882 997 καὶ
891 933 974 998 εἴδει·
982 953 1067 1016 προ-

56 1016 192 1143 φέρων’
188 1019 413 1108 Αθηναίωνῧ
394 1046 459 1089 απο
449 1019 509 1090 δε
521 1020 684 1109 Ἐρετρίης
695 996 866 1112 ἀνθεάσης
876 1034 997 1094 τοῦτον
1007 1024 1067 1094 τόν

56 1117 185 1208 χρόνον
202 1124 385 1206 Λυσανίης,
410 1112 600 1198 οὖτοςδέ’
582 1145 628 1187 απ
631 1118 803 1208 Ἐὐβοίης
821 1131 954 1211 μοῦνος.
979 1128 1016 1192 έκ
1031 1123 1067 1193 δε

55 1223 243 1304 Θεσσαλίης
258 1211 345 1306 ῆλθε
358 1245 426 1286 των
440 1222 648 1288 Σκοπαδέων
661 1227 885 1309 Διακτορίδης
900 1223 1067 1306 Κραννω-

56 1344 147 1404 νιος,
163 1319 200 1386 ἐκ
215 1322 252 1386 δὲ
262 1317 600 1387 ΜολοσσῶνἍλκων.
624 1327 777 1387 τοσοῦτοι
788 1324 850 1407 μὲν
862 1322 1016 1406 ἐγένοντο
1035 1325 1069 1387 οί

55 1422 257 1503 μνηστῆρες·
275 1413 489 1503 ἀπικομένων
504 1418 541 1484 δέ
555 1417 686 1484 τούτων
698 1420 731 1496 ἐς
741 1415 804 1504 τῆν
818 1420 1067 1504 προειρημένην
1084 1436 1134 1491 128

57 1513 219 1638 ἡμέρην
204 1542 222 1586 ο
238 1520 447 1604 Κλεισθένης
462 1524 578 1603 πρῶτα
599 1513 718 1615 μὲν
682 1543 740 1595 τας
761 1518 889 1604 πάτρας
902 1543 937 1586 τε
954 1515 1066 1585 αὐτων

56 1613 249 1683 ἀνεπύθετο
262 1617 369 1682 καθ’
328 1642 425 1700 γενος
436 1616 588 1700 ἑκάστου,
603 1641 685 1700 μετα
674 1611 736 1681 δὲ
749 1616 896 1700 κατέχων
910 1611 1066 1682 ε’νιαυτόν

58 1718 247 1798 διεπειρᾶτο
263 1709 376 1780 αάτων
389 1720 447 1800 τῆς
458 1740 494 1780 τε
508 1711 738 1799 ἀνδραγαθίης
755 1713 810 1778 και
816 1719 882 1876 τῆς
896 1709 998 1800 ἀργῆς
1011 1713 1066 1780 καὶ

56 1811 252 1889 παιδεύσιός
267 1837 303 1879 τε
319 1816 374 1881 καί
387 1813 533 1898 τρόπον,
547 1837 603 1878 και
591 1812 692 1878 '‘e‘vl
675 1809 829 1901 εκάστμί
830 1836 878 1876 ων
891 1813 923 1888 ἐς
938 1830 1065 1876 συνου-

56 1915 135 1996 σίην
152 1911 208 1976 καὶ
222 1910 409 1996 συνάπασι,
431 1913 486 1978 καὶ
506 1911 539 1987 ἐς
553 1907 724 1995 γυμνάσιά
739 1933 774 1974 τε
796 1910 974 1994 ἐξαγινέων
992 1905 1065 1974 ὅσοι

56 2000 145 2096 ἦσαν
159 2004 272 2075 αὐτῶν
286 2008 453 2095 νεώτεροι,
466 2011 520 2076 καὶ
533 2008 572 2075 τό
583 2034 621 2093 γε
632 2009 798 2092 μέγιστον,
814 2007 851 2074 ἐν
862 2013 901 2094 τῆ
913 2009 1065 2093 συνιστίη

55 2110 263 2193 διεπειρᾶτο·
290 2105 373 2175 ὅσον
397 2105 461 2193 γάρ
483 2121 610 2192 κατεῖχε
632 2105 756 2192 χρόνον
777 2102 917 2191 αὐτοὺς,
944 2110 1065 2172 τοῦτον

56 2202 167 2272 πάντα
179 2204 287 2272 ἐποίεε
298 2203 428 2291 καλάμα
439 2207 571 2286 ἐξείνιζε
581 2206 866 2290 μεγαλοπρεπέως.
879 2206 935 2271 καὶ
947 2201 988 2290 δή
1000 2227 1064 2269 κου

57 2302 200 2390 μάλιστα
215 2310 283 2370 τῶν
294 2303 497 2391 μνηστήρων
516 2300 700 2390 ῆρέσκοντό
716 2305 751 2369 οί
765 2305 800 2369 οί
817 2297 876 2369 ἀπ’
891 2299 1063 2387 Ἀθηνέων

54 2395 245 2486 ἀπιγμένοι,
257 2401 452 2470 καὶτούτων
463 2398 854 2488 μάλλονἹπποκλείδηςὸ
872 2400 1064 2486 Τισάνδρου

55 2497 112 2564 καλ
122 2492 196 2562 κατ’
208 2493 443 2586 ἀνδραγαθίην
454 2502 612 2585 ἐκρίνετο,
623 2502 679 2567 καὶ
690 2498 741 2566 ὅτι
752 2497 788 2566 τὸ
802 2497 969 2575 ἀνέκαθεν
980 2513 1064 2566 τοῖσι

55 2597 94 2663 ἐν
105 2600 267 2685 Κορίνθῳ
284 2603 492 2686 Κυψελίδῃσι
509 2591 554 2684 ῆν
574 2596 763 2684 προσήκων.
801 2594 859 2675 Ὡς
876 2594 945 2683 δέῆ
964 2603 1063 2684 κυρίη
1083 2613 1132 2666 1⁶29

54 2693 186 2780 ἐγένετο
201 2700 269 2760 τάν
285 2691 437 2782 ἡμερέων
458 2703 516 2782 τῆς
530 2722 564 2765 τε
580 2703 790 2775 κατακλίσιος
805 2703 866 2764 τοῦ
883 2694 996 2784 γάμου
1009 2699 1064 2765 καὶ

55 2790 217 2877 ἐκφάσιος
228 2788 333 2861 αὐτοῦ
345 2798 577 2880 Κλεισθένεος,
590 2794 650 2864 τὸν
661 2803 770 2883 κρίνοι
784 2799 820 2865 ἐκ
831 2797 979 2883 πάντων,
994 2796 1064 2864 θά-

54 2911 115 2970 σας
136 2896 219 2976 βοῦς
239 2890 358 2959 ἑκατὸν
378 2891 396 2962 ὁ
417 2898 625 2983 Κλεισθένης
647 2895 768 2983 εάάχεε
789 2895 912 2977 αὐτούς
928 2924 964 2966 τε
983 2894 1063 2975 τοάς

54 2997 245 3077 μνηστῆρας
259 2992 314 3060 καὶ
327 2990 407 3072 τούς
418 3003 631 3074 Σικυωνίους
645 2997 781 3074 πάντας.
806 2993 850 3074 ὡς
865 2997 901 3063 δὲ
916 2992 980 3062 ἀπὸ
994 3000 1063 3061 δεί-

54 3113 145 3157 πνου
159 3088 331 3177 ἐγένοντο,
347 3095 382 3159 οί
392 3102 578 3182 μνηστῆρες
590 3100 662 3183 ἔριν
675 3093 764 3181 είχον
777 3093 866 3181 ἀμφί
874 3120 909 3160 τε
919 3099 1063 3182 μουσικῇ

54 3189 109 3256 καὶ
125 3191 171 3276 τῷ
186 3191 355 3280 λεγομένω
376 3193 409 3270 ἐς
423 3191 460 3259 τὸ
477 3195 590 3279 μέσον.
620 3191 803 3279 προιούσης
824 3193 859 3260 δέ
875 3197 933 3277 τῆς
947 3190 1064 3270 πόσιος

54 3286 203 3370 κατέχων
214 3283 342 3354 πολλὸν
352 3287 432 3367 τούς
442 3289 565 3370 ἀλλους
576 3288 828 3376 ὁἹπποκλείδης
840 3291 992 3358 ἐκέλευσε
1002 3288 1063 3358 τὸν

53 3378 205 3473 αὐλητῆν
240 3379 383 3468 αὐλῆσαι
409 3384 598 3472 ἐμμέλειαν,
642 3391 849 3475 πειθομένου
870 3386 984 3540 δθέῂτοθ
999 3383 1062 3456 αά-
