2378 3840
127 174 190 240 188
520 175 756 234 ΗΕΚΟΒΟΉ

133 347 200 419 δπδ
220 348 402 436 Σαβύλλου
427 345 552 436 ἀνδρὸς
569 344 725 439 Γελῴου,
751 348 901 415 ένδαύτα
919 344 1148 437 ἀναλαμβάνει

132 450 194 537 την
211 454 420 538 μουναρχίην
432 445 650 537 Ἱπποκράτης
668 445 867 536 Κλεάνδρου
887 447 952 517 ἐάν
969 447 1146 537 ἀδελφεός.

132 557 266 639 ἔχοντος
290 549 329 619 δὲ
347 544 580 638 Ἱπποκράτεος
606 546 668 635 τὴν
691 546 915 638 τυραννίδαὸ
939 550 1056 620 Γέλων
1082 551 1150 621 ἐάν

137 658 287 740 Τηλίνεω
305 655 366 718 τού
384 647 574 740 ἱροφάντεω
592 645 759 734 ἀπόγονος
783 651 919 718 πολλῶν
942 646 1015 739 μετ’
1034 650 1149 722 ἀλλων

132 753 189 821 καλ
199 749 431 840 Αἰνησιδήμου
445 755 507 818 τού
516 755 702 836 Παταίκου,
715 742 759 836 ἦν
770 749 1148 845 δορυφόροςἹπποκρά-

132 878 214 933 τεος.
250 850 332 941 μετά
350 850 389 921 δέ
407 847 448 919 ού
473 850 602 920 πολλὰν
619 849 744 940 χρόνον
762 848 808 919 δι’
834 844 959 941 ἀρετην
976 851 1149 943 ἀπεδέχθη

133 953 240 1042 πάσης
263 958 322 1040 τῆς
347 957 452 1021 ἵππου
480 948 566 1020 εἶναι
588 955 770 1041 ἵππαρχος·
802 954 1055 1042 πολιορκέοντος
1082 952 1149 1046 χάρ

129 1053 363 1145 Ἱπποκράτεος
380 1051 644 1140 Καλλιπολιήτας
667 1079 702 1120 τε
725 1053 783 1121 καὶ
799 1054 950 1134 Ναξίους
974 1057 1031 1124 καλ
1056 1065 1147 1143 Ζαχ-

134 1163 272 1235 κλαίους
285 1154 389 1225 τεκαὶ
402 1160 606 1234 Λεοντίνους
622 1152 774 1243 καὶπρὸς
788 1160 1023 1246 Συρηκοσίους
1040 1183 1076 1225 τε
1093 1164 1153 1226 καί

135 1262 203 1326 τῶν
220 1255 401 1345 βαρβάρων
419 1253 568 1342 συχνούς
585 1252 671 1342 ἀνὴρ
687 1255 842 1342 ἐφαίνετο
857 1257 894 1324 ἐν
906 1255 1050 1325 τούτοισι
1063 1272 1151 1327 τοῖσι

135 1358 308 1446 πολέμοισι
320 1350 417 1425 ’έάνὸ
433 1356 549 1426 Γέλων
561 1353 800 1445 λαμπρότατος.
835 1361 905 1424 τῶν
920 1356 958 1425 δὲ
975 1355 1072 1427 εἶπον
1086 1382 1150 1427 πο-

135 1465 219 1528 λίων
232 1457 361 1528 τούτων
375 1455 463 1544 πλην
478 1456 729 1545 Συρηκουσέων
743 1455 885 1544 οὐδεμία
897 1457 1048 1545 Ιπέφευχε
1067 1464 1146 1528 δου·

135 1557 286 1647 λοσύνην
299 1555 384 1648 πρός
394 1551 638 1648 Ἱπποκράτεος.
665 1562 902 1646 Συρηκοσίους
918 1556 957 1626 δέ
969 1561 1152 1648 Κορίνθιοί

135 1686 170 1728 τε
188 1660 244 1727 καὶ
258 1667 463 1749 Κερκυραῖοι
482 1657 668 1749 ἐρρύσαντο
685 1657 774 1749 μάχη
794 1659 1004 1740 ἑσσωθέντας
1018 1661 1073 1728 ἐπὶ
1087 1686 1150 1729 πο-

135 1765 229 1852 ταμῷ
244 1756 385 1850 Ἐλάρφ.
414 1757 599 1850 ἐρρύσαντο
617 1759 655 1828 δέ
668 1750 760 1828 οὗτοι
778 1761 833 1828 ἐπὶ
845 1764 969 1828 τοισίδε
982 1760 1149 1829 καταλλά-

135 1865 258 1947 ξαντες,
274 1860 326 1930 ἐπ’
339 1854 1069 1953 ᾧτεἹπποκράτειΚαμάρινανΣυρηκοσίους
1080 1888 1144 1932 πα-

67 1977 118 2034 155
134 1961 313 2054 ραδούναι·
334 1965 558 2046 Συρηκοσίων
573 1959 609 2027 δέ
619 1952 665 2046 ἦν
674 1960 855 2048 Καμάρινα
867 1958 904 2029 τό
920 1959 1068 2048 ἀρχαῖον.
1087 1960 1145 2040 Ὡς

135 2055 171 2122 δὲ
186 2057 240 2122 καλ
252 2054 469 2144 Ἱπποκράτεα
483 2056 755 2144 τυραννεύσαντα
770 2065 826 2125 ίσα
843 2062 916 2126 ἔτεα
929 2066 975 2149 τῷ
992 2056 1145 2148 ἀδελφεῷ

134 2152 319 2245 Κλεάνδρῳ
332 2158 492 2244 κατέλαβε
508 2152 697 2223 ἀποθανεῖν
711 2150 796 2241 πρὸς
810 2152 888 2223 πόλι
900 2151 1019 2244 Ὕβλῃ,
1043 2173 1145 2242 στρα-

134 2250 342 2337 τευσάμενον
353 2253 405 2320 ἐπὶ
416 2248 677 2339 τούςΣικελούς,
690 2249 777 2319 οὕτω
790 2246 830 2338 δὴ
845 2249 862 2318 ὁ
874 2252 989 2320 Γέλων
998 2258 1044 2343 τῷ
1055 2251 1145 2343 λόγῳ

133 2356 307 2438 τιμωρέων
321 2365 407 2420 τοῖσι
414 2351 648 2440 Ἱπποκράτεος
661 2355 755 2421 παισὶ
766 2350 933 2441 Εὐκλείδῃ
944 2377 980 2419 τε
991 2354 1046 2419 καὶ
1057 2358 1146 2419 Κλε-

134 2449 248 2542 άνδρφ
265 2447 308 2518 ού
324 2455 541 2538 βουλομένων
558 2459 626 2519 τῶν
643 2455 827 2539 πολιητέων
844 2451 1018 2538 κατηκόων
1036 2457 1083 2519 ἐτι
1098 2449 1146 2518 εῖ-

133 2576 207 2635 ναι,
229 2554 275 2638 τῷ
291 2553 394 2638 ἐρχφ,
418 2544 463 2628 ὡς
477 2549 679 2635 ἐπεκράτησε
696 2549 784 2637 μάχη
801 2554 869 2615 τῶν
882 2548 1043 2640 Γελῴων,
1064 2542 1145 2636 ἦρχε

134 2641 235 2722 αὐτὸς
257 2642 485 2732 ἀποστερήσας
500 2643 580 2724 τούς
593 2643 828 2731 Ἱπποκράτεος
847 2649 975 2724 παῖδας.
1005 2642 1086 2732 μετά
1108 2646 1142 2712 δὲ

134 2747 234 2811 τοῦτο
248 2737 286 2808 τὸ
304 2740 433 2827 εύρημα
443 2740 522 2821 τούς
532 2743 703 2831 γαμόρους
714 2743 938 2828 καλεομένους
947 2750 1015 2810 τῶν
1026 2752 1143 2829 Συρη-

135 2844 259 2907 κοσίων
274 2838 474 2919 ἐκπεσόντας
488 2838 557 2909 ὑπό
571 2866 607 2909 τε
619 2847 681 2908 τοῦ
698 2840 806 2929 δήμου
820 2843 956 2908 καὶτῶν
973 2843 1145 2928 σφετέρων

135 2943 279 3027 δούλων,
295 2944 508 3027 καλεομένων
520 2945 556 3010 δέ
566 2947 779 3029 Κυλλυρίων,
792 2939 810 3009 ὁ
821 2946 936 3010 Γέλων
946 2938 1145 3030 καταγαχάν

134 3037 274 3117 τούτους
289 3040 326 3106 ἐκ
336 3042 513 3126 Κασμένης
527 3039 644 3119 πόλιος
655 3042 688 3119 ἐς
698 3037 756 3117 τάς
768 3038 992 3127 Συρηκούσας
1006 3045 1079 3125 ἔσχε
1089 3039 1145 3106 καλ

133 3137 264 3214 ταύτας.
288 3133 306 3204 ὁ
321 3132 386 3223 γάρ
404 3141 507 3224 δῆμος
521 3133 539 3205 ὁ
554 3145 622 3205 τῶν
636 3144 860 3226 Συρηκοσίων
875 3138 1003 3207 ἐπιόντι
1015 3139 1142 3206 Γέλωνι

66 3257 118 3313 156
133 3237 313 3320 παραδιδοῖ
327 3230 388 3321 τὴν
404 3232 504 3302 πόλιν
519 3238 574 3302 καὶ
589 3236 725 3304 ἑωυτόν.
743 3232 780 3302 ‘0
795 3236 831 3302 δὲ
852 3237 960 3302 ἐπείτε
977 3237 1145 3319 παρέλαβε

132 3327 192 3409 τάς
205 3332 446 3420 Συρηκούσας,
469 3337 574 3422 Γέλης
595 3339 657 3421 μὲν
673 3325 876 3423 ἐπικρατέων
896 3335 1000 3422 λόχον
1015 3333 1147 3403 ἐλάσσω

130 3429 295 3519 ἐποιέετο,
310 3432 487 3522 ἐπιτρέψας
497 3429 605 3522 αὐτὴν
614 3433 742 3523 Ἱέρωνι
753 3430 905 3524 ἀδελφεῷ
919 3435 1059 3520 ἑωυτοῦ,
1074 3426 1092 3499 ὁ
1108 3433 1145 3499 δὲ
