2378 3840
317 188 405 245 LIB.
438 189 471 245 V.
505 188 603 246 CAP.
632 195 807 250 118-124.
1020 185 1064 249 59

56 344 201 434 μάλιστα
215 343 416 435 ἐπλήγησαν.
438 341 536 414 Μετὰ
554 348 591 414 δὲ
604 353 704 414 τοῦτο
717 344 755 414 τό
769 352 883 432 τρύμα
898 345 1064 435 ἀνέλαβόν
1083 370 1128 426 1ης

57 445 160 511 τεκαὶ
171 440 416 531 ἀνεμαχέσαντο
428 447 589 531 οίΚᾶρες.
611 443 802 530 πυθόμενοι
813 443 889 532 γάρ,
906 443 950 524 ὡς
961 467 1063 532 στρα-

57 544 219 614 τεύεσθαι
235 543 400 633 ὡρμέαται
415 549 449 613 οί
455 547 583 633 Πέρσαι
597 545 651 612 ἐπὶ
664 541 723 623 τάς
737 544 834 623 πόλις
848 549 973 631 σφέων,
986 544 1063 612 ἐλό-

56 661 166 729 χησαν
179 639 242 730 τὴν
256 647 294 712 ἐν
308 644 456 734 Πηδάσφ
470 639 569 726 ὁδόν,
589 645 623 720 ές
638 639 700 728 τὴν
716 641 915 736 ἐμπεσόντες
927 648 963 711 οί
973 645 1063 728 Πέρ·

58 760 116 807 σαι
130 737 252 820 νυκτός
267 743 504 830 διεφθάρησαν
518 745 574 810 καί
585 738 681 809 αύτοί
695 743 750 808 καὶ
765 745 798 808 οί
812 742 988 827 στρατηγοὶ
999 736 1063 806 αύ-

57 848 144 927 τολν,
159 847 335 928 ΔαυρίσηςΙ
344 845 401 910 καί
411 839 574 927 Ἀμόργης
587 843 642 908 καὶ
652 840 856 926 Σισιμάκης,
872 838 938 907 σύν
953 840 992 906 δέ
1004 857 1065 923 σφι

18 973 29 991 ‚
57 935 211 1005 ἀπέθανε
224 943 281 1006 καὶ
291 939 434 1026 Μύρσος
445 937 463 1006 ὁ
475 938 603 1024 Γύγεω.
618 944 680 1005 τοῦ
690 941 728 1005 δὲ
738 937 841 1024 λόχον
851 938 974 1006 τούτου
984 933 1066 1024 ἡγε-

58 1032 134 1123 μύν
148 1027 192 1121 ἦν
207 1033 424 1123 Ἡρακλείδης
442 1035 629 1125 Ἰβαυάλιος
643 1033 729 1122 ἀνὴρ
746 1037 940 1116 Μυλασεύς.
970 1030 1065 1104 οὗτοι

56 1136 122 1221 μέν
135 1161 202 1203 νυν
213 1142 284 1203 τῶν
294 1137 455 1221 Περσέων
466 1135 555 1204 ούτω
566 1133 957 1223 διεφθάρησαν,’ίμαίης
965 1133 1002 1202 δὲ
1010 1135 1065 1201 καὶ
1085 1151 1133 1204 121

58 1230 161 1312 αύτδς
176 1230 242 1302 ἐάν
252 1241 321 1303 τῶν
332 1234 580 1316 ἐπιδιωξάντων
590 1232 669 1313 τούς
680 1235 713 1312 ἐς
722 1233 851 1321 Σάρδις
861 1251 1066 1321 στρατευσα-

58 1339 182 1421 μένους
193 1333 326 1423 Ἰύνων,
339 1336 549 1423 τραπόμενος
559 1338 592 1415 ἐς
602 1332 664 1422 την
674 1338 890 1423 Προποντίδα
901 1328 968 1402 εἷλε
979 1337 1065 1400 Κίον

58 1431 122 1520 τὴν
138 1440 289 1520 Μυσίην.
311 1435 438 1523 ταύτην
453 1435 490 1504 δὲ
504 1432 642 1521 ἐξελών,
657 1431 704 1512 ὡς
718 1434 863 1502 ἐπύθετο
878 1430 1066 1515 τδνἙλλή-

58 1552 208 1600 σποντον
229 1535 456 1605 ἐκλελοιπέναι
475 1542 654 1624 Δαυρίσην
673 1537 731 1603 καί
750 1534 993 1622 στρατεύεσθαι
1012 1534 1066 1600 ἐπί

58 1639 204 1721 Καρίης,
219 1634 411 1704 καταλιπόν
421 1633 484 1723 τὴν
494 1639 709 1725 Προποντίδα
723 1637 777 1703 ἐπὶ
790 1632 851 1703 τδν
860 1633 1065 1722 Ἑλλήσπον-

58 1758 120 1800 τον
132 1725 195 1818 ἦγε
208 1732 269 1800 τόν
283 1733 441 1823 στρατὸν,
458 1739 514 1804 καὶ
528 1731 594 1804 εἷλε
608 1735 671 1821 μὲν
680 1738 822 1814 Αίολέας
835 1735 973 1821 πάντας,
990 1732 1064 1802 ὅσοι

57 1829 123 1917 τὴν
134 1829 256 1900 Ἰλιάδα
266 1835 434 1921 νέμονται,
447 1830 514 1903 εἷλε
525 1837 561 1902 δέ
567 1828 735 1921 Γέργιθας
745 1829 825 1912 τούς
834 1831 1065 1919 ὑπολειφθέν-

57 1961 118 2013 τας
128 1940 196 2001 τῶν
207 1931 354 2021 ἀρχαίων
364 1943 532 2025 Τευκρῶν.
541 1928 821 2018 αύτόςτέΤμαίης
831 1932 954 2017 αίρέων
961 1938 1064 1998 ταῦτα

61 2031 99 2101 τά
112 2037 215 2101 ἔθνεα
224 2033 337 2125 νούσφ
349 2045 487 2127 τελευτᾷ
493 2038 530 2105 ἐν
536 2042 576 2125 τῇ
585 2034 726 2126 Τρωάδι.
741 2024 839 2111 οὗτος
850 2030 913 2119 μέν
922 2029 962 2119 δὴ
977 2030 1066 2099 ούτω
1084 2052 1134 2106 123

58 2130 261 2217 ἐτελεύτησε,
271 2128 495 2222 Ἀρταφέρνης
506 2135 542 2202 δὲ
553 2132 738 2221 ὁΣαρδίων
748 2129 896 2217 ὕπαρχος
906 2135 961 2199 καὶ
971 2127 1066 2198 Ὀτά-

60 2253 120 2316 νης
137 2227 155 2296 ὁ
175 2235 284 2315 τρίτος
304 2230 488 2318 στρατηγός
507 2231 697 2319 ἐτάχθησαν
710 2233 764 2299 ἐπὶ
783 2228 845 2316 τὴν
861 2227 989 2314 Ἰωνίην
1010 2230 1066 2296 καὶ

57 2327 122 2416 τὴν
143 2329 305 2415 προσεχέα
318 2334 460 2398 Αίολίδα
480 2330 730 2415 στρατεύεσθαι.
771 2325 897 2414 Ἰωνίης
915 2328 978 2414 μέν
998 2352 1065 2393 ννν

57 2423 273 2512 Κλαζομενάς
284 2430 445 2514 αίρέονσι,
459 2431 610 2496 Αίολέων
621 2426 658 2495 δὲ
669 2425 801 2513 Κύμην.
819 2423 1065 2510 Ἀλισκομένων
1082 2443 1132 2496 124

58 2524 97 2592 δὲ
113 2530 182 2591 τῶν
195 2530 337 2610 πολίων,
351 2517 396 2611 ἦν
405 2523 489 2613 γάρ,
507 2522 552 2604 ὡς
566 2527 700 2611 διέδεξε,
711 2522 947 2611 Ἀρισταγόρης
962 2521 1065 2591 ὁΜι-

57 2623 175 2712 λη’σιος
188 2621 299 2710 ψυχὴν
312 2622 377 2693 ούκ
390 2622 504 2712 άκρος,
519 2622 557 2704 δς
570 2624 713 2713 ταράξας
724 2622 786 2711 τὴν
796 2622 925 2711 Ἰωνίην
938 2625 994 2692 καὶ
1008 2625 1064 2707 ἐγ-

57 2721 287 2807 κερασάμενος
295 2721 471 2810 πρήγματα
479 2724 608 2810 μεγάλα
618 2717 770 2812 δρησμὸν
779 2723 949 2811 ἐβούλευε,
957 2719 1065 2808 ὁρέων

57 2825 179 2886 ταῦτα·
193 2816 277 2906 πρὸς
288 2823 328 2888 δέ
335 2825 370 2889 οί
377 2825 433 2889 καὶ
443 2818 594 2890 άδύνατα
605 2825 757 2909 ἐφαίνετο
768 2826 907 2911 βασιλέα
916 2830 1065 2908 Δαρεῖον

57 2915 324 3003 ὑπερβαλέσθαι·
342 2915 427 3005 πρός
442 2926 546 2987 ταῦτα
564 2918 605 3004 δὴ
623 2913 672 2988 ύν
688 2923 894 3006 συγκαλέσας
908 2915 987 2995 τούς
1002 2934 1065 2983 συ-

57 3011 243 3092 στασιώτας
257 3013 461 3101 ἐβουλεύετο,
475 3014 594 3101 λέγων,
609 3014 654 3096 ύς
668 3017 805 3106 άμεινον
819 3021 913 3100 σφίσι
922 3022 1064 3098 εἴηκρη-

56 3109 232 3198 σφύγετόν
243 3135 277 3178 τι
294 3110 448 3200 ὑπαρχον
469 3108 571 3200 εἶναι,
585 3110 630 3200 ἢν
648 3112 715 3200 ἄρα
733 3116 941 3192 ἐξωθέωνται
955 3113 992 3179 ἐκ
1006 3116 1064 3195 τῆς

57 3208 233 3297 Μιλήτου,
246 3218 312 3278 είτε
324 3208 369 3298 δὴ.
378 3203 427 3279 οἷν
437 3210 605 3298 ἐςΣαρδύ
617 3214 654 3280 ἐκ
664 3217 726 3280 τοῦ
736 3210 843 3278 τόπου
853 3207 976 3277 τούτου
987 3206 1063 3294 άγοι

57 3311 91 3386 ἐς
105 3305 264 3394 ἀποικίην
275 3311 385 3388 είτέές
395 3310 578 3397 Μύρκινον
588 3307 651 3396 τὴν
660 3308 829 3394 Ἠδωνῶν,
843 3305 905 3394 την
913 3304 1063 3383 Ἱστιαῖος

58 3409 177 3497 ἐτείχεε
191 3405 281 3496 παρά
292 3416 443 3498 Δαρείου
458 3408 590 3499 δωρεὴν
604 3411 728 3498 λαβών.
752 3415 856 3476 ταῦτα
866 3410 1029 3492 ἐπειρώτα
1047 3398 1066 3475 ὅ
