2378 3840
89 163 133 229 78
453 165 691 224 ΗΕΒΟΘΟΉ

84 337 152 397 θον
186 325 382 419 ὁρμεάμευοι
397 331 458 402 τδν
474 330 590 403 Ἀθων
607 335 837 424 περιέβαλλον.
879 335 1046 406 έπιπεσιδν
1071 339 1113 408 δέ

96 451 158 517 σφι
169 431 394 519 περιπλάουσι
401 434 519 520 βορέης
528 432 650 522 άνεμος
663 439 766 522 μέγας
775 463 810 506 τε
818 442 875 504 καί
885 436 1009 525 άπορος
1018 438 1110 527 πάρ-

95 555 135 597 τα
150 532 292 616 τρηχέως
305 530 461 614 περιέσπε
471 529 597 616 πλήθει·
608 527 733 608 πολλὰς
743 534 811 598 τάν
825 536 914 599 νεῶν
927 534 1101 619 ἐκβάλλων

96 629 180 717 πρὸς
193 628 254 698 τδν
265 629 389 698 ’Ἀθων
416 633 544 716 λέγεται
564 628 630 717 γάρ
645 628 728 699 κατά
748 637 938 716 τριηκοσίας
952 636 1015 718 μὲν
1031 641 1101 700 τῶν

96 737 184 799 υεῷν
196 726 255 808 τάς
265 732 508 815 διαφθαρείσας
520 726 621 816 εἶναι,
639 727 724 816 ὑπὲρ
737 727 774 797 δὲ
785 729 848 797 δύο
859 729 1025 816 μυριάδας
1036 728 1098 797 άν-

95 827 263 911 θρύτωυ·
277 825 363 893 άστε
372 822 437 911 γάρ
448 827 718 912 θηριωδεστάτης
729 825 848 911 ἐούσης
857 833 919 913 τῆς
925 827 1100 914 θαλάσσης

95 923 218 1011 ταύτης
233 930 291 1011 τῆς
305 924 381 1010 περὶ
395 919 578 991 τὸτ”Αθων
592 929 626 992 οί
638 923 701 1010 μὲν
716 920 782 990 ὑπὸ
798 929 866 990 τῶν
879 929 1012 1010 θηρίων
1029 928 1098 992 διε-

96 1028 278 1108 φθείροντο
292 1017 532 1107 ἁρπαζόμενοι,
547 1024 581 1089 οί
593 1021 629 1088 δὲ
642 1018 726 1104 πρὸς
740 1017 799 1099 τάς
813 1024 933 1110 πέτρας
950 1018 1099 1107 άρασσά-

95 1144 207 1206 μενοι,
239 1127 275 1188 οδ
300 1119 338 1187 δὲ
361 1116 478 1188 αύτῷν
501 1117 590 1187 νέειν
614 1115 676 1186 ούκ
699 1115 875 1204 ἠπιστέατο
900 1118 983 1188 κατά
997 1127 1095 1188 τοῦτο

95 1220 396 1304 διεφθείροντο,οί
415 1218 452 1284 δέ
471 1219 564 1303 ῥίγει.
597 1213 633 1284 ‘O
648 1215 710 1302 μὲν
724 1213 764 1301 δὴ
788 1215 944 1296 ναυτικὸς
958 1216 1097 1303 στρατὸς

57 1330 80 1383 ιδ
96 1317 185 1386 οὕτω
196 1322 349 1405 ἔπρησσε,
364 1321 550 1406 Μαρδονίφ
562 1318 598 1386 δὲ
612 1319 722 1407 καὶτῷ
733 1321 818 1407 πεζῷ
834 1322 1091 1404 στρατοπεδευο-

94 1417 183 1507 μένφ
194 1418 231 1484 έν
242 1420 438 1503 Μακεδονίῃ
449 1413 570 1494 νυκτὸς
580 1415 707 1502 Βρύγοι
718 1413 859 1501 Θρήικες
871 1415 1095 1502 ἐπεχείρησαν.

94 1521 154 1586 καί
164 1535 279 1603 σφεων
288 1514 435 1595 πολλούς
446 1515 633 1601 φονεύουσι
644 1521 679 1584 οί
685 1514 831 1602 Βρύγοι,
849 1517 1050 1602 Μαρδόνιον
1062 1520 1096 1585 δέ

95 1609 199 1681 αύτδν
215 1617 463 1702 τρωματίζουσι.
486 1609 528 1681 ού
543 1614 656 1698 μέντοι
672 1609 752 1680 ούδέ
772 1609 866 1682 αὐτοὶ
883 1607 1096 1699 δουλοσύνην

94 1715 257 1797 διέφυγον
272 1709 356 1800 πρὸς
370 1715 545 1795 Περσέων·
564 1707 607 1778 ού
619 1708 684 1798 γὰρ
696 1706 737 1796 δὴ
751 1708 916 1796 πρότερον
927 1708 1095 1795 ἀπανέστη

94 1813 131 1878 έιι
144 1817 212 1878 τῷν
225 1812 361 1899 χωρέων
374 1810 503 1879 τούτων
518 1809 730 1896 Μαρδόνιος,
751 1808 831 1893 πρὶν
847 1804 869 1893 η’
889 1825 994 1893 σφεας
1010 1804 1097 1873 ὑπο-

92 1915 237 1996 χειρίους
261 1909 446 1997 ἐποιήσατο.
484 1908 624 1988 τούτους
646 1910 760 1996 μέντοι
785 1907 1096 1995 καταστρεψάμενος

93 2009 199 2096 άπῆγε
210 2007 272 2097 την
283 2009 441 2096 στρατιὴν
454 2007 577 2093 ὀπίσω,
594 2007 651 2076 ἅτε
664 2013 711 2099 τῷ
725 2012 810 2099 πεζῷ
820 2032 856 2075 τε
871 2015 1096 2095 προσπταίσας

93 2103 177 2193 πρὸς
193 2104 272 2186 τούς
285 2108 440 2193 Βρύγους
463 2110 520 2174 καί
540 2113 586 2196 τῷ
605 2112 751 2196 ναυτικῷ
771 2106 922 2192 μεγάλως
942 2109 1018 2194 περὶ
1036 2103 1096 2174 τὸν

94 2202 219 2272 Ἄθων.
244 2196 342 2283 οὗτος
356 2205 418 2290 μέν
434 2231 501 2271 νυν
518 2200 536 2270 ὁ
555 2203 670 2281 στύλος
689 2209 832 2290 αἰσχρῶς
845 2201 1096 2291 ἀγωνισάμενος

57 2312 79 2368 δ
95 2298 293 2389 ἀπηλλάχθη
308 2306 341 2380 ές
354 2299 416 2390 τὴν
427 2298 550 2389 Ἀσίην.
574 2301 717 2392 δευτέρφ
729 2303 765 2371 δὲ
776 2301 981 2371 έτείτούτων
992 2299 1010 2369 ὁ
1022 2312 1096 2370 Δα-

93 2415 181 2485 ρεῖος
200 2408 316 2484 πρῷτα
333 2403 395 2486 μὲν
409 2407 554 2478 Θασίους
568 2401 807 2488 διαβληθέντας
826 2397 894 2467 ύπδ
909 2406 977 2467 τῷν
992 2394 1096 2466 άστυ-

93 2498 264 2587 γειτόνων,
273 2496 318 2579 ὡς
323 2496 509 2569 ἀπόστασιν
519 2505 732 2586 μηχανοίατο,
739 2498 870 2584 πέμψας
881 2494 1026 2585 άγγελον
1040 2498 1096 2565 έκ-

94 2598 187 2665 έλευέ
199 2616 303 2684 σφεας
315 2594 353 2666 τὸ
364 2610 469 2684 τείχος
483 2600 684 2684 περιαιρέειν
697 2597 753 2663 καί
767 2591 825 2673 τὰς
839 2595 915 2674 νέας
931 2593 1095 2683 έςἌβδη-

92 2717 134 2776 ρα
153 2698 308 2780 κομίζειν.
337 2699 372 2772 oc
384 2693 450 2782 γάρ
467 2693 508 2781 δὴ
526 2694 646 2765 Θάσιοι
660 2686 714 2762 οἷα
727 2689 794 2760 ὑπὸ
810 2689 965 2762 Ἱστιαίου
982 2702 1096 2761 τετοῦ

92 2797 263 2877 Μιλησίου
280 2795 560 2879 πολιορκηθέντες
570 2794 625 2861 καὶ
636 2789 813 2880 προσόδων
826 2793 972 2861 έουσέων
989 2792 1095 2880 μεγά-

92 2896 161 2957 λων
175 2890 327 2975 έχρέοντο
341 2902 427 2958 τοῖσι
439 2890 583 2978 χρήμασι
597 2897 681 2968 ναῦς
690 2914 726 2956 τε
740 2889 1013 2976 ναυπηγεύμενοι
1030 2917 1095 2977 μα-

92 2983 175 3071 κράς
185 2988 240 3053 καὶ
250 2998 355 3072 τεῖχος
365 2987 583 3076 ίσχυρότερον
597 2983 884 3076 περιβαλλόμενοι.
906 2984 976 3074 ηδε
986 2988 1093 3073 πρόσ-

93 3082 171 3160 οδός
186 3101 247 3169 σφι
261 3085 387 3170 ἐγένετο
403 3087 441 3154 ἐκ
456 3112 492 3155 τε
511 3093 569 3174 τῆς
584 3084 724 3174 ἠπείρου
741 3086 796 3152 καὶ
810 3079 875 3151 άπδ
889 3089 957 3150 τῶν
971 3085 1094 3170 μετάλ-

91 3187 171 3248 λων.
196 3183 232 3249 έκ
246 3185 309 3269 μέν
321 3208 360 3267 γε
375 3190 443 3250 τῶν
458 3185 495 3252 έιι
504 3181 768 3270 ’ΣκαπτῆςὟλης
782 3188 851 3249 τῷν
866 3185 1019 3268 χρυσέων
1035 3208 1085 3268 με·

90 3274 221 3346 τάλλων
241 3277 278 3348 τδ
300 3283 423 3349 ἐπίπαν
444 3280 636 3370 ὀγδώκοντα
655 3280 801 3350 τάλαντα
822 3277 979 3367 προσήιε,
1003 3281 1041 3347 ἐκ
1060 3277 1095 3347 δέ

90 3381 157 3440 τῷν
172 3377 208 3444 έν
221 3374 305 3464 αὐτῇ
318 3378 418 3468 Θάσφ
432 3380 562 3449 έλάσσω
577 3380 639 3465 μὲν
653 3378 800 3462 τούτων,
820 3372 926 3463 συχνά
943 3374 980 3444 δέ
995 3375 1093 3459 οὕτω,
