2378 3840
127 173 190 241 τῆς
504 167 757 228 κωεοοοει

128 333 247 405 αὐτίκα
261 332 297 402 τό
308 333 451 419 τόξευμα
462 327 632 416 λαβόντες,
649 323 694 405 ὡς
705 332 835 414 ἐμαθον
845 323 883 395 τδ
896 334 1040 415 βιβλίον,
1056 329 1138 412 ἔφε-

129 462 191 524 ρον
204 437 257 503 ἐπὶ
270 431 349 512 τούς
360 427 580 518 στρατηγούς·
603 433 715 512 παρῆν
727 425 763 493 δέ
775 429 908 518 καὶτῶν
919 424 1032 495 ἄλλων
1042 433 1139 494 Παλ-

129 540 278 621 ληναίων
292 535 467 618 συμμαχίη.
488 539 574 594 τοῖσι
592 524 627 592 δέ
643 538 855 611 στρατηγοῖσι
873 526 1139 610 ἐπιλεξαμένοισι

129 633 166 704 τό
182 639 313 721 βιβλίον
329 632 384 698 καὶ
399 633 547 715 μαθοῦσι
562 621 623 693 τὸν
643 632 752 692 αἴτιον
772 631 829 710 τῆς
849 627 1030 712 προδοσίης
1046 625 1140 703 ἔδοξε

130 729 174 820 μή
191 732 393 814 καταπλῆξαι
408 725 604 812 Τιμόξεινον
615 725 778 810 προδοσίῃ
792 728 850 808 τῆς
860 726 1063 790 Σκιωναίων
1075 718 1140 787 πό-

130 842 200 911 λιος
217 834 361 916 εἵνεκεν,
378 824 423 916 μή
439 829 625 912 νομιζοίατο
641 820 727 890 εἶναι
737 829 922 890 Σκιωναῖοι
936 823 969 900 ές
983 817 1045 888 τόν
1059 845 1141 906 μετ-

131 934 258 998 έπειτεν
274 927 399 1016 χρόνον
415 926 477 994 αίεὶ
494 919 664 1008 προδόται.
682 917 718 987 Ὁ
731 921 793 1004 μὲν
810 915 850 1003 δή
867 919 1008 1009 τοιούτῳ
1024 917 1139 1008 τρόπω

65 1047 115 1103 129
132 1029 285 1105 ἐπάιστος
306 1025 474 1113 ἐγεγόνεε,
504 1019 690 1110 Ἀρταβάζμ
714 1019 750 1085 δὲ
777 1013 889 1102 ἐπειδή
907 1017 1140 1103 πολιορκέοντι

132 1125 332 1214 ἐγεγόνεσαν
347 1138 436 1212 τρεῖς
449 1129 567 1209 μῆνες,
582 1125 709 1205 γίνεται
726 1115 876 1202 ἄμπωτις
892 1121 949 1201 τῆς
962 1116 1141 1203 θαλάσσης

134 1224 259 1311 υεγάλη
279 1225 334 1291 καλ
353 1222 477 1309 χρόνον
491 1220 544 1287 ἐπὶ
559 1215 694 1286 πολλόν.
723 1215 851 1292 ἰδόντες
872 1216 908 1281 δὲ
923 1219 958 1283 οι*
971 1214 1141 1302 βάρβαροι

132 1325 270 1408 τέναγος
279 1321 465 1408 γενόμενον
474 1316 643 1404 παρήισαν
655 1316 688 1393 ἐς
698 1310 959 1401 τήνΠαλλήνην.
977 1312 1022 1394 ὡς
1033 1314 1072 1384 δὲ
1083 1313 1141 1393 τάς

134 1419 196 1487 δάο
212 1420 274 1506 μὲν
288 1426 405 1506 μοίρας
419 1415 735 1502 διοδοιπορήκεσαν,
751 1417 799 1481 ἐτι
811 1412 848 1480 δὲ
859 1427 946 1500 τρεῖς
956 1411 1139 1482 ὑπόλοιποι

130 1509 234 1604 ήσαν,
257 1515 316 1595 τάς
340 1517 538 1594 διελθόντας
557 1521 641 1602 χρῆν
662 1519 727 1582 ἐσω
747 1511 833 1582 εἶναι
854 1517 892 1583 ἐν
911 1523 951 1605 τῆ
964 1518 1139 1606 Παλλήνη,

132 1619 258 1704 ἐπῆλθε
271 1617 436 1702 πλημυρὶς
449 1622 507 1702 τῆς
516 1613 690 1700 θαλάσσης
703 1612 843 1700 μεγάλη,
858 1611 921 1700 ὅση
933 1612 1068 1702 οὐδαμά
1080 1641 1138 1700 κω,

133 1711 178 1792 ὡς
192 1718 227 1782 οί
240 1713 410 1802 ἐπιχώριοι
424 1716 576 1800 λέγουσι,
591 1711 751 1790 πολλάκις
766 1714 942 1798 γενομένη.
971 1717 1007 1780 oc
1018 1709 1137 1798 μὲνδή

132 1818 222 1881 νέειν
236 1810 349 1882 αὐτῶν
359 1812 423 1882 οὐκ
436 1812 648 1900 ἐπιστάμενοι
660 1816 907 1899 διεφθείροντο,
924 1810 1004 1893 τούς
1014 1815 1053 1882 δέ
1067 1817 1137 1882 ἐπι-

133 1917 316 2001 σταμένους
334 1919 551 2001 Ποτιδαιῆται
573 1912 819 1992 ἐπιπλώσαντες
841 1920 986 1982 πλοίοισι
1006 1909 1139 1983 άπάλε-

133 2032 205 2080 σαν.
229 2022 337 2082 αίτιον
348 2017 385 2082 δὲ
394 2019 529 2102 λέγουσι
540 2020 756 2101 Ποτιδαιῆται
769 2020 826 2102 τῆς
836 2041 872 2082 τε
881 2018 996 2102 ῥηχίης
1011 2019 1069 2086 καὶ
1083 2025 1139 2102 τῆς

133 2116 339 2201 πλημυρίδος
352 2115 407 2181 καὶ
417 2119 478 2183 τοῦ
488 2120 658 2198 Περσικοῦ
671 2115 800 2192 πάθεος
811 2113 970 2198 γενέσθαι
980 2115 1073 2203 τόδε,
1090 2116 1136 2184 ὅτι

132 2216 467 2295 τοῦΠοσειδέωνοςές
477 2213 538 2283 τόν
551 2213 636 2302 νηόν
648 2218 703 2285 καί
714 2212 751 2283 τό
759 2212 892 2302 άγαλμα
905 2212 943 2282 τό
952 2207 988 2283 ἐν
1000 2223 1047 2307 τῷ
1055 2242 1137 2300 προ-

133 2321 250 2404 αστείῳ
261 2312 429 2401 ήσέβησαν
439 2307 533 2382 οὗτοι
545 2317 786 2401 τάνΠερσέων,
807 2315 903 2401 οἵπερ
922 2316 978 2382 καὶ
990 2313 1131 2400 διεφθά·

133 2433 241 2500 ρησαν
256 2410 322 2480 ὑπὸ
343 2418 401 2500 τῆς
420 2413 602 2500 θαλάσσης.
635 2423 744 2482 αἴτιον
758 2415 794 2482 δέ
809 2419 908 2482 τοῦτο
929 2416 1086 2500 λέγοντες
1100 2408 1139 2484 εὖ

132 2515 243 2595 λέγειν
258 2516 368 2598 ἔμοιγε
384 2516 548 2582 δοκέουσι.
576 2510 656 2592 τοὺς
671 2516 707 2582 δὲ
728 2517 1010 2602 περιγενομένους
1029 2512 1140 2603 άπῆγε

128 2605 324 2695 Ἀρτάβαζος
339 2612 388 2689 ἐς
390 2620 576 2699 Θεσσαλίην
591 2609 681 2694 παρά
697 2613 907 2698 Μαρδόνιον.

66 2723 116 2776 130
218 2699 322 2776 Οὗτοι
337 2709 399 2796 μὲν
414 2714 449 2778 οί
461 2713 715 2798 προπέμψαντες
725 2714 863 2798 βασιλέα
877 2709 966 2778 οὕτω
978 2715 1138 2800 ἔπρηξαν,

133 2803 151 2873 ὁ
170 2808 206 2874 δὲ
219 2804 378 2885 ναυτικὰς
392 2805 410 2873 ὁ
422 2812 549 2892 Ξέρξεω
564 2806 837 2896 περιγενόμενος,
854 2807 899 2888 ὡς
909 2813 1090 2897 προσέμιξε
1099 2817 1139 2901 τῆ
1181 2768 1182 2855 δ

128 2903 219 2994 Ἀσίη
231 2898 415 2992 φεάγωνέκ
426 2915 616 2994 Σαλαμῖνος
631 2911 686 2977 καὶ
696 2914 834 2996 βασιλέα
843 2936 878 2978 τε
893 2911 949 2978 καὶ
958 2907 1021 2997 τήν
1035 2931 1122 3000 στρα

131 3002 207 3091 τιῆν
229 3007 264 3072 ἐκ
278 3006 495 3095 Χερσονήσου
513 3004 759 3093 διεπόρθμευσε
773 3009 807 3087 ἐς
822 3005 983 3095 Ἄβυδον,
1011 3010 1132 3096 ε’χειμέ

133 3123 204 3187 ρισε
216 3104 253 3171 ἐν
263 3102 372 3192 Κύμη.
390 3108 487 3190 ἔαρος
499 3103 534 3171 δέ
546 3106 792 3190 ἐπιλάμψαντος
802 3106 928 3196 πράίος
939 3112 1138 3197 συνελέγετο

132 3201 164 3276 ἐς
179 3200 315 3286 Σάμον·
337 3204 374 3270 αι’
389 3201 424 3270 δέ
434 3208 503 3270 τῶν
517 3209 605 3270 νεῶν
615 3206 670 3272 καὶ
682 3207 886 3291 ἐχειμέρισαν
902 3202 1024 3273 αὐτοῦ·
1047 3214 1139 3290 Περ-

131 3299 217 3364 σέων
233 3295 270 3364 δέ
290 3300 345 3366 καὶ
360 3297 492 3386 Μήδων
507 3305 541 3368 οί
557 3307 698 3379 πλεῦνες
715 3301 934 3389 ἐπεβάτευον,
958 3305 1139 3391 στρατηγοὶ

130 3396 171 3462 δέ
181 3412 241 3478 σφι
263 3396 412 3478 ἐπῆλθον
430 3396 633 3485 Μαρδόντης
647 3423 683 3466 τε
699 3396 718 3466 δ
736 3407 885 3484 Βαγαίου
901 3403 957 3468 καί
972 3398 1142 3490 Ἀρταῦν-

174 3606 263 3628 ,Α
