<?xml version="1.0" encoding="UTF-8"?>
<!DOCTYPE html PUBLIC "-//W3C//DTD XHTML 1.0 Transitional//EN"
    "http://www.w3.org/TR/xhtml1/DTD/xhtml1-transitional.dtd">
<html xmlns="http://www.w3.org/1999/xhtml" xml:lang="en" lang="en">
 <head>
  <title>
</title>
<meta http-equiv="Content-Type" content="text/html;charset=utf-8" />
  <meta name='ocr-system' content='tesseract 3.04.00' />
  <meta name='ocr-capabilities' content='ocr_page ocr_carea ocr_par ocr_line ocrx_word'/>
</head>
<body>
  <div class='ocr_page' id='page_1' title='image "./herodotihistori01herogoog_0253.png"; bbox 0 0 2378 3840; ppageno 0'>
   <div class='ocr_carea' id='block_1_1' title="bbox 120 181 760 278">
    <p class='ocr_par' dir='ltr' id='par_1_1' title="bbox 120 181 760 278">
     <span class='ocr_line' id='line_1_1' title="bbox 120 181 760 278; baseline -0.011 -32"><span class='ocrx_word' id='word_1_1' title='bbox 120 182 196 278; x_wconf 69' lang='grc' dir='ltr'><strong><em>μοι</em></strong></span> <span class='ocrx_word' id='word_1_2' title='bbox 507 181 760 242; x_wconf 78' lang='grc' dir='ltr'><strong><em>ιιιιεουοτι</em></strong></span> 
     </span>
    </p>
   </div>
   <div class='ocr_carea' id='block_1_2' title="bbox 69 339 1172 3484">
    <p class='ocr_par' dir='ltr' id='par_1_2' title="bbox 132 339 1140 528">
     <span class='ocr_line' id='line_1_2' title="bbox 132 339 1140 434; baseline 0 -24"><span class='ocrx_word' id='word_1_3' title='bbox 132 349 180 434; x_wconf 70' lang='grc' dir='ltr'><strong><em>λῳ·</em></strong></span> <span class='ocrx_word' id='word_1_4' title='bbox 199 339 233 410; x_wconf 86' lang='grc' dir='ltr'><strong><em>δ’</em></strong></span> <span class='ocrx_word' id='word_1_5' title='bbox 256 348 305 413; x_wconf 84' lang='grc' dir='ltr'><strong><em>έτι</em></strong></span> <span class='ocrx_word' id='word_1_6' title='bbox 327 348 469 421; x_wconf 82' lang='grc' dir='ltr'><strong><em>πλεῦνες</em></strong></span> <span class='ocrx_word' id='word_1_7' title='bbox 488 341 562 420; x_wconf 87' lang='grc' dir='ltr'><strong><em>νέες</em></strong></span> <span class='ocrx_word' id='word_1_8' title='bbox 583 347 708 409; x_wconf 79' lang='grc' dir='ltr'><strong><em>τετῶν</em></strong></span> <span class='ocrx_word' id='word_1_9' title='bbox 727 339 910 429; x_wconf 89' lang='grc' dir='ltr'><strong><em>βαρβάρων</em></strong></span> <span class='ocrx_word' id='word_1_10' title='bbox 931 347 987 411; x_wconf 79' lang='grc' dir='ltr'><strong><em>καὶ</em></strong></span> <span class='ocrx_word' id='word_1_11' title='bbox 1007 341 1140 427; x_wconf 78' lang='grc' dir='ltr'><strong><em>ἀνδρες</em></strong></span> 
     </span>
     <span class='ocr_line' id='line_1_3' title="bbox 133 437 1021 528; baseline -0.003 -18"><span class='ocrx_word' id='word_1_12' title='bbox 133 439 233 511; x_wconf 87' lang='grc' dir='ltr'><strong><em>Ούτω</em></strong></span> <span class='ocrx_word' id='word_1_13' title='bbox 248 443 286 510; x_wconf 72' lang='grc' dir='ltr'><strong><em>δὲ</em></strong></span> <span class='ocrx_word' id='word_1_14' title='bbox 300 437 539 528; x_wconf 72' lang='grc' dir='ltr'><em>ἀγωνιζόμενοι</em></span> <span class='ocrx_word' id='word_1_15' title='bbox 555 440 732 526; x_wconf 74' lang='grc' dir='ltr'><strong><em>διέστησαν</em></strong></span> <span class='ocrx_word' id='word_1_16' title='bbox 744 439 845 526; x_wconf 85' lang='grc' dir='ltr'><strong><em>χωρὶς</em></strong></span> <span class='ocrx_word' id='word_1_17' title='bbox 861 438 1021 524; x_wconf 76' lang='grc' dir='ltr'><strong><em>ἑκάτεροι.</em></strong></span> 
     </span>
    </p>

    <p class='ocr_par' dir='ltr' id='par_1_3' title="bbox 83 536 1141 1218">
     <span class='ocr_line' id='line_1_4' title="bbox 83 536 1141 628; baseline -0.002 -22"><span class='ocrx_word' id='word_1_18' title='bbox 83 552 116 608; x_wconf 75' lang='lat'><strong><em>17</em></strong></span> <span class='ocrx_word' id='word_1_19' title='bbox 214 536 269 608; x_wconf 75' lang='grc' dir='ltr'><strong><em>Ἐν</em></strong></span> <span class='ocrx_word' id='word_1_20' title='bbox 288 537 394 628; x_wconf 76' lang='grc' dir='ltr'><strong><em>ταύτῃ</em></strong></span> <span class='ocrx_word' id='word_1_21' title='bbox 413 545 454 627; x_wconf 80' lang='grc' dir='ltr'><strong><em>τῇ</em></strong></span> <span class='ocrx_word' id='word_1_22' title='bbox 470 543 637 627; x_wconf 83' lang='grc' dir='ltr'><strong><em>ναυμαχίη</em></strong></span> <span class='ocrx_word' id='word_1_23' title='bbox 651 537 830 623; x_wconf 83' lang='grc' dir='ltr'><strong><em>Αἰγύπτιοι</em></strong></span> <span class='ocrx_word' id='word_1_24' title='bbox 849 537 912 625; x_wconf 70' lang='grc' dir='ltr'><strong><em>μέν</em></strong></span> <span class='ocrx_word' id='word_1_25' title='bbox 928 545 996 606; x_wconf 78' lang='grc' dir='ltr'><strong><em>τῶν</em></strong></span> <span class='ocrx_word' id='word_1_26' title='bbox 1009 539 1141 624; x_wconf 76' lang='grc' dir='ltr'><strong><em>Ξέρξεω</em></strong></span> 
     </span>
     <span class='ocr_line' id='line_1_5' title="bbox 132 631 1140 725; baseline -0.003 -20"><span class='ocrx_word' id='word_1_27' title='bbox 132 639 360 720; x_wconf 73' lang='grc' dir='ltr'><strong><em>στρατιωτέων</em></strong></span> <span class='ocrx_word' id='word_1_28' title='bbox 375 633 593 725; x_wconf 75' lang='grc' dir='ltr'><strong><em>ἠρίστευσαν,</em></strong></span> <span class='ocrx_word' id='word_1_29' title='bbox 611 641 647 705; x_wconf 79' lang='grc' dir='ltr'><strong><em>οἳ</em></strong></span> <span class='ocrx_word' id='word_1_30' title='bbox 659 633 745 704; x_wconf 84' lang='grc' dir='ltr'><strong><em>ἀλλα</em></strong></span> <span class='ocrx_word' id='word_1_31' title='bbox 759 661 796 705; x_wconf 89' lang='grc' dir='ltr'><strong><em>τε</em></strong></span> <span class='ocrx_word' id='word_1_32' title='bbox 809 641 891 722; x_wconf 85' lang='grc' dir='ltr'><strong><em>έργα</em></strong></span> <span class='ocrx_word' id='word_1_33' title='bbox 907 637 1037 723; x_wconf 91' lang='grc' dir='ltr'><strong><em>μεγάλα</em></strong></span> <span class='ocrx_word' id='word_1_34' title='bbox 1054 631 1140 702; x_wconf 89' lang='grc' dir='ltr'><strong><em>ἀπε-</em></strong></span> 
     </span>
     <span class='ocr_line' id='line_1_6' title="bbox 131 729 1139 822; baseline -0.003 -19"><span class='ocrx_word' id='word_1_35' title='bbox 131 738 267 816; x_wconf 77' lang='grc' dir='ltr'><strong><em>δέξαντο</em></strong></span> <span class='ocrx_word' id='word_1_36' title='bbox 278 737 334 802; x_wconf 74' lang='grc' dir='ltr'><strong><em>καὶ</em></strong></span> <span class='ocrx_word' id='word_1_37' title='bbox 344 738 422 814; x_wconf 82' lang='grc' dir='ltr'><strong><em>νέας</em></strong></span> <span class='ocrx_word' id='word_1_38' title='bbox 431 731 561 803; x_wconf 79' lang='grc' dir='ltr'><strong><em>αύτοῐσι</em></strong></span> <span class='ocrx_word' id='word_1_39' title='bbox 571 733 716 821; x_wconf 77' lang='grc' dir='ltr'><strong><em>ἀνδράσι</em></strong></span> <span class='ocrx_word' id='word_1_40' title='bbox 725 729 816 804; x_wconf 79' lang='grc' dir='ltr'><strong><em>εἷλον</em></strong></span> <span class='ocrx_word' id='word_1_41' title='bbox 824 732 1016 822; x_wconf 84' lang='grc' dir='ltr'><strong><em>Ἑλληνίδας</em></strong></span> <span class='ocrx_word' id='word_1_42' title='bbox 1026 736 1139 802; x_wconf 82' lang='grc' dir='ltr'><strong><em>πέντε.</em></strong></span> 
     </span>
     <span class='ocr_line' id='line_1_7' title="bbox 129 830 1140 922; baseline -0.002 -22"><span class='ocrx_word' id='word_1_43' title='bbox 129 839 199 900; x_wconf 77' lang='grc' dir='ltr'><strong><em>τῶν</em></strong></span> <span class='ocrx_word' id='word_1_44' title='bbox 215 831 252 900; x_wconf 74' lang='grc' dir='ltr'><strong><em>δὲ</em></strong></span> <span class='ocrx_word' id='word_1_45' title='bbox 267 830 438 922; x_wconf 82' lang='grc' dir='ltr'><strong><em>Ἑλλήνων</em></strong></span> <span class='ocrx_word' id='word_1_46' title='bbox 452 832 536 904; x_wconf 83' lang='grc' dir='ltr'><strong><em>κατά</em></strong></span> <span class='ocrx_word' id='word_1_47' title='bbox 556 834 683 920; x_wconf 88' lang='grc' dir='ltr'><strong><em>ταύτην</em></strong></span> <span class='ocrx_word' id='word_1_48' title='bbox 703 831 767 919; x_wconf 82' lang='grc' dir='ltr'><strong><em>τήν</em></strong></span> <span class='ocrx_word' id='word_1_49' title='bbox 785 831 914 921; x_wconf 77' lang='grc' dir='ltr'><strong><em>ἡμέρην</em></strong></span> <span class='ocrx_word' id='word_1_50' title='bbox 936 830 1140 921; x_wconf 77' lang='grc' dir='ltr'><strong><em>ἠρίστευσαν</em></strong></span> 
     </span>
     <span class='ocr_line' id='line_1_8' title="bbox 125 928 1138 1022; baseline -0.001 -24"><span class='ocrx_word' id='word_1_51' title='bbox 125 930 310 1018; x_wconf 69' lang='grc' dir='ltr'><strong><em>Ἀθηναῖοι,</em></strong></span> <span class='ocrx_word' id='word_1_52' title='bbox 322 934 378 1002; x_wconf 78' lang='grc' dir='ltr'><strong><em>καὶ</em></strong></span> <span class='ocrx_word' id='word_1_53' title='bbox 389 931 580 1022; x_wconf 75' lang='grc' dir='ltr'><strong><em>Ἀθηναίων</em></strong></span> <span class='ocrx_word' id='word_1_54' title='bbox 589 937 746 1019; x_wconf 77' lang='grc' dir='ltr'><strong><em>Κλεινίης</em></strong></span> <span class='ocrx_word' id='word_1_55' title='bbox 757 929 776 1001; x_wconf 88' lang='grc' dir='ltr'><strong>ὁ</strong></span> <span class='ocrx_word' id='word_1_56' title='bbox 787 929 1014 1020; x_wconf 76' lang='grc' dir='ltr'><strong><em>Ἀλκιβιάδεω,</em></strong></span> <span class='ocrx_word' id='word_1_57' title='bbox 1027 928 1064 1010; x_wconf 85' lang='grc' dir='ltr'><strong><em>δς</em></strong></span> <span class='ocrx_word' id='word_1_58' title='bbox 1077 935 1138 999; x_wconf 88' lang='grc' dir='ltr'><strong><em>δα-</em></strong></span> 
     </span>
     <span class='ocr_line' id='line_1_9' title="bbox 129 1027 1135 1119; baseline -0.001 -21"><span class='ocrx_word' id='word_1_59' title='bbox 129 1030 243 1116; x_wconf 88' lang='grc' dir='ltr'><strong><em>πάνην</em></strong></span> <span class='ocrx_word' id='word_1_60' title='bbox 255 1035 385 1118; x_wconf 85' lang='grc' dir='ltr'><strong><em>οίκηῖην</em></strong></span> <span class='ocrx_word' id='word_1_61' title='bbox 395 1031 622 1119; x_wconf 77' lang='grc' dir='ltr'><strong><em>παρεχόμενος</em></strong></span> <span class='ocrx_word' id='word_1_62' title='bbox 633 1029 847 1116; x_wconf 77' lang='grc' dir='ltr'><strong><em>ἐστρατεύετο</em></strong></span> <span class='ocrx_word' id='word_1_63' title='bbox 861 1027 1004 1117; x_wconf 90' lang='grc' dir='ltr'><strong><em>ἀνδράσι</em></strong></span> <span class='ocrx_word' id='word_1_64' title='bbox 1014 1055 1050 1099; x_wconf 91' lang='grc' dir='ltr'><strong><em>τε</em></strong></span> <span class='ocrx_word' id='word_1_65' title='bbox 1061 1034 1135 1116; x_wconf 91' lang='grc' dir='ltr'><strong><em>διη-</em></strong></span> 
     </span>
     <span class='ocr_line' id='line_1_10' title="bbox 129 1131 544 1218; baseline -0.002 -19"><span class='ocrx_word' id='word_1_66' title='bbox 129 1135 272 1200; x_wconf 87' lang='grc' dir='ltr'><strong><em>κοσίοισι</em></strong></span> <span class='ocrx_word' id='word_1_67' title='bbox 287 1131 341 1197; x_wconf 76' lang='grc' dir='ltr'><strong><em>καί</em></strong></span> <span class='ocrx_word' id='word_1_68' title='bbox 356 1135 466 1218; x_wconf 84' lang='grc' dir='ltr'><strong><em>οίκηίη</em></strong></span> <span class='ocrx_word' id='word_1_69' title='bbox 479 1137 544 1217; x_wconf 80' lang='grc' dir='ltr'><strong><em>νηί.</em></strong></span> 
     </span>
    </p>

    <p class='ocr_par' dir='ltr' id='par_1_4' title="bbox 83 1223 1140 1708">
     <span class='ocr_line' id='line_1_11' title="bbox 83 1223 1135 1316; baseline -0.008 -14"><span class='ocrx_word' id='word_1_70' title='bbox 83 1249 116 1304; x_wconf 79' lang='grc'><strong><em>18</em></strong></span> <span class='ocrx_word' id='word_1_71' title='bbox 209 1226 267 1307; x_wconf 81' lang='grc' dir='ltr'><strong><em>Ὡς</em></strong></span> <span class='ocrx_word' id='word_1_72' title='bbox 282 1232 319 1297; x_wconf 78' lang='grc' dir='ltr'><strong><em>δὲ</em></strong></span> <span class='ocrx_word' id='word_1_73' title='bbox 336 1233 514 1316; x_wconf 82' lang='grc' dir='ltr'><strong><em>διέστησαν</em></strong></span> <span class='ocrx_word' id='word_1_74' title='bbox 527 1228 667 1315; x_wconf 88' lang='grc' dir='ltr'><strong><em>ἀσμενοι</em></strong></span> <span class='ocrx_word' id='word_1_75' title='bbox 682 1227 850 1315; x_wconf 82' lang='grc' dir='ltr'><strong><em>ἑκάτεροι,</em></strong></span> <span class='ocrx_word' id='word_1_76' title='bbox 871 1228 905 1306; x_wconf 87' lang='grc' dir='ltr'><strong><em>ές</em></strong></span> <span class='ocrx_word' id='word_1_77' title='bbox 918 1225 1025 1315; x_wconf 86' lang='grc' dir='ltr'><strong><em>ὅρμον</em></strong></span> <span class='ocrx_word' id='word_1_78' title='bbox 1040 1223 1135 1314; x_wconf 66' lang='grc' dir='ltr'><strong><em>ήπεί·</em></strong></span> 
     </span>
     <span class='ocr_line' id='line_1_12' title="bbox 129 1324 1139 1415; baseline 0.001 -23"><span class='ocrx_word' id='word_1_79' title='bbox 129 1350 240 1411; x_wconf 92' lang='grc' dir='ltr'><strong><em>γοντο.</em></strong></span> <span class='ocrx_word' id='word_1_80' title='bbox 263 1329 299 1394; x_wconf 77' lang='lat' dir='ltr'><strong><em>oc</em></strong></span> <span class='ocrx_word' id='word_1_81' title='bbox 311 1325 511 1415; x_wconf 73' lang='grc' dir='ltr'><strong><em>δδἝλληνες</em></strong></span> <span class='ocrx_word' id='word_1_82' title='bbox 525 1324 570 1406; x_wconf 81' lang='grc' dir='ltr'><strong><em>ὡς</em></strong></span> <span class='ocrx_word' id='word_1_83' title='bbox 585 1329 816 1412; x_wconf 73' lang='grc' dir='ltr'><strong><em>διακριθέντες</em></strong></span> <span class='ocrx_word' id='word_1_84' title='bbox 831 1327 868 1395; x_wconf 86' lang='grc' dir='ltr'><strong><em>ἐκ</em></strong></span> <span class='ocrx_word' id='word_1_85' title='bbox 882 1332 940 1412; x_wconf 82' lang='grc' dir='ltr'><strong><em>τῆς</em></strong></span> <span class='ocrx_word' id='word_1_86' title='bbox 953 1332 1139 1412; x_wconf 78' lang='grc' dir='ltr'><strong><em>ναυμαχίης</em></strong></span> 
     </span>
     <span class='ocr_line' id='line_1_13' title="bbox 129 1422 1139 1514; baseline 0 -21"><span class='ocrx_word' id='word_1_87' title='bbox 129 1422 410 1512; x_wconf 88' lang='grc' dir='ltr'><strong><em>ἀπηλλάχθησαν,</em></strong></span> <span class='ocrx_word' id='word_1_88' title='bbox 425 1433 494 1495; x_wconf 77' lang='grc' dir='ltr'><strong><em>τῶν</em></strong></span> <span class='ocrx_word' id='word_1_89' title='bbox 508 1428 571 1514; x_wconf 75' lang='grc' dir='ltr'><strong><em>μὲν</em></strong></span> <span class='ocrx_word' id='word_1_90' title='bbox 584 1432 716 1514; x_wconf 79' lang='grc' dir='ltr'><strong><em>νεκρῶν</em></strong></span> <span class='ocrx_word' id='word_1_91' title='bbox 726 1428 860 1494; x_wconf 74' lang='grc' dir='ltr'><strong><em>καὶτῶν</em></strong></span> <span class='ocrx_word' id='word_1_92' title='bbox 871 1431 1044 1512; x_wconf 82' lang='grc' dir='ltr'><strong><em>ναυηγίων</em></strong></span> <span class='ocrx_word' id='word_1_93' title='bbox 1058 1427 1139 1493; x_wconf 88' lang='grc' dir='ltr'><strong><em>έπε-</em></strong></span> 
     </span>
     <span class='ocr_line' id='line_1_14' title="bbox 129 1517 1140 1610; baseline -0.001 -20"><span class='ocrx_word' id='word_1_94' title='bbox 129 1521 289 1610; x_wconf 90' lang='grc' dir='ltr'><strong><em>κράτεον,</em></strong></span> <span class='ocrx_word' id='word_1_95' title='bbox 303 1525 447 1609; x_wconf 87' lang='grc' dir='ltr'><strong><em>τρηχέως</em></strong></span> <span class='ocrx_word' id='word_1_96' title='bbox 460 1527 497 1591; x_wconf 78' lang='grc' dir='ltr'><strong><em>δὲ</em></strong></span> <span class='ocrx_word' id='word_1_97' title='bbox 507 1524 747 1609; x_wconf 79' lang='grc' dir='ltr'><strong><em>περιεφθέντες</em></strong></span> <span class='ocrx_word' id='word_1_98' title='bbox 761 1525 817 1590; x_wconf 77' lang='grc' dir='ltr'><strong><em>καὶ</em></strong></span> <span class='ocrx_word' id='word_1_99' title='bbox 827 1519 892 1590; x_wconf 87' lang='grc' dir='ltr'><strong><em>ούιι</em></strong></span> <span class='ocrx_word' id='word_1_100' title='bbox 905 1519 1023 1609; x_wconf 80' lang='grc' dir='ltr'><strong><em>ἥκιστα</em></strong></span> <span class='ocrx_word' id='word_1_101' title='bbox 1033 1517 1140 1609; x_wconf 81' lang='grc' dir='ltr'><strong><em>Ἀθη-</em></strong></span> 
     </span>
     <span class='ocr_line' id='line_1_15' title="bbox 128 1612 1135 1708; baseline -0.002 -20"><span class='ocrx_word' id='word_1_102' title='bbox 128 1634 236 1705; x_wconf 76' lang='grc' dir='ltr'><strong><em>ναῖοι,</em></strong></span> <span class='ocrx_word' id='word_1_103' title='bbox 251 1627 319 1688; x_wconf 78' lang='grc' dir='ltr'><strong><em>τῶν</em></strong></span> <span class='ocrx_word' id='word_1_104' title='bbox 332 1626 369 1689; x_wconf 89' lang='grc' dir='ltr'><strong><em>αί</em></strong></span> <span class='ocrx_word' id='word_1_105' title='bbox 381 1618 516 1708; x_wconf 80' lang='grc' dir='ltr'><strong><em>ἡμίσεαι</em></strong></span> <span class='ocrx_word' id='word_1_106' title='bbox 531 1626 600 1688; x_wconf 78' lang='grc' dir='ltr'><strong><em>τῶν</em></strong></span> <span class='ocrx_word' id='word_1_107' title='bbox 616 1627 705 1689; x_wconf 78' lang='grc' dir='ltr'><strong><em>νεῶν</em></strong></span> <span class='ocrx_word' id='word_1_108' title='bbox 718 1624 920 1706; x_wconf 86' lang='grc' dir='ltr'><strong><em>τετρωμέναι</em></strong></span> <span class='ocrx_word' id='word_1_109' title='bbox 934 1612 1037 1706; x_wconf 83' lang='grc' dir='ltr'><strong><em>ἦσαν,</em></strong></span> <span class='ocrx_word' id='word_1_110' title='bbox 1052 1623 1135 1706; x_wconf 78' lang='grc' dir='ltr'><strong><em>δρη-</em></strong></span> 
     </span>
    </p>

    <p class='ocr_par' dir='ltr' id='par_1_5' title="bbox 80 1715 1172 3186">
     <span class='ocr_line' id='line_1_16' title="bbox 80 1715 1140 1810; baseline -0.008 -17"><span class='ocrx_word' id='word_1_111' title='bbox 80 1738 115 1794; x_wconf 82' lang='grc'><strong><em>19</em></strong></span> <span class='ocrx_word' id='word_1_112' title='bbox 129 1715 216 1806; x_wconf 87' lang='grc' dir='ltr'><strong><em>σμδν</em></strong></span> <span class='ocrx_word' id='word_1_113' title='bbox 230 1717 271 1805; x_wconf 83' lang='grc' dir='ltr'><strong><em>δή</em></strong></span> <span class='ocrx_word' id='word_1_114' title='bbox 283 1718 503 1807; x_wconf 79' lang='grc' dir='ltr'><strong><em>ἐβουλεύοντο</em></strong></span> <span class='ocrx_word' id='word_1_115' title='bbox 517 1724 582 1788; x_wconf 83' lang='grc' dir='ltr'><strong><em>ἔσω</em></strong></span> <span class='ocrx_word' id='word_1_116' title='bbox 593 1721 627 1798; x_wconf 85' lang='grc' dir='ltr'><strong><em>ές</em></strong></span> <span class='ocrx_word' id='word_1_117' title='bbox 637 1716 858 1806; x_wconf 76' lang='grc' dir='ltr'><strong><em>τὴνἙλλάδα.</em></strong></span> <span class='ocrx_word' id='word_1_118' title='bbox 878 1717 961 1810; x_wconf 84' lang='grc' dir='ltr'><strong><em>Νόφ</em></strong></span> <span class='ocrx_word' id='word_1_119' title='bbox 972 1719 1009 1787; x_wconf 76' lang='grc' dir='ltr'><strong><em>δὲ</em></strong></span> <span class='ocrx_word' id='word_1_120' title='bbox 1020 1716 1140 1806; x_wconf 72' lang='grc' dir='ltr'><strong><em>λαβὼν</em></strong></span> 
     </span>
     <span class='ocr_line' id='line_1_17' title="bbox 128 1813 1136 1905; baseline -0.002 -20"><span class='ocrx_word' id='word_1_121' title='bbox 128 1813 147 1885; x_wconf 85' lang='grc' dir='ltr'><strong>ὁ</strong></span> <span class='ocrx_word' id='word_1_122' title='bbox 162 1817 421 1904; x_wconf 75' lang='grc' dir='ltr'><strong><em>Θεμιστοκλέης,</em></strong></span> <span class='ocrx_word' id='word_1_123' title='bbox 439 1815 484 1897; x_wconf 77' lang='grc' dir='ltr'><strong><em>ὡς</em></strong></span> <span class='ocrx_word' id='word_1_124' title='bbox 498 1823 529 1886; x_wconf 83' lang='grc' dir='ltr'><strong><em>εἰ</em></strong></span> <span class='ocrx_word' id='word_1_125' title='bbox 538 1815 744 1904; x_wconf 74' lang='grc' dir='ltr'><strong><em>ἀπορραγείη</em></strong></span> <span class='ocrx_word' id='word_1_126' title='bbox 754 1813 820 1886; x_wconf 79' lang='grc' dir='ltr'><strong><em>ἀπὸ</em></strong></span> <span class='ocrx_word' id='word_1_127' title='bbox 835 1824 897 1886; x_wconf 84' lang='grc' dir='ltr'><strong><em>τοῦ</em></strong></span> <span class='ocrx_word' id='word_1_128' title='bbox 907 1815 1085 1905; x_wconf 80' lang='grc' dir='ltr'><strong><em>βαρβάρου</em></strong></span> <span class='ocrx_word' id='word_1_129' title='bbox 1098 1815 1136 1883; x_wconf 84' lang='grc' dir='ltr'><strong><em>τό</em></strong></span> 
     </span>
     <span class='ocr_line' id='line_1_18' title="bbox 127 1910 1172 2005; baseline 0 -22"><span class='ocrx_word' id='word_1_130' title='bbox 127 1940 163 1983; x_wconf 87' lang='grc' dir='ltr'><strong><em>τε</em></strong></span> <span class='ocrx_word' id='word_1_131' title='bbox 179 1912 330 1985; x_wconf 85' lang='grc' dir='ltr'><strong><em>Ἰωνικὸν</em></strong></span> <span class='ocrx_word' id='word_1_132' title='bbox 345 1923 458 2003; x_wconf 85' lang='grc' dir='ltr'><strong><em>φῦλον</em></strong></span> <span class='ocrx_word' id='word_1_133' title='bbox 472 1920 528 1987; x_wconf 83' lang='grc' dir='ltr'><strong><em>καὶ</em></strong></span> <span class='ocrx_word' id='word_1_134' title='bbox 548 1914 585 1986; x_wconf 90' lang='grc' dir='ltr'><strong><em>τδ</em></strong></span> <span class='ocrx_word' id='word_1_135' title='bbox 601 1913 771 2005; x_wconf 82' lang='grc' dir='ltr'><strong><em>Καρικὸν,</em></strong></span> <span class='ocrx_word' id='word_1_136' title='bbox 796 1910 863 1984; x_wconf 81' lang='grc' dir='ltr'><strong><em>οἷοί</em></strong></span> <span class='ocrx_word' id='word_1_137' title='bbox 879 1942 915 1984; x_wconf 91' lang='grc' dir='ltr'><strong><em>τε</em></strong></span> <span class='ocrx_word' id='word_1_138' title='bbox 930 1925 1046 2002; x_wconf 74' lang='grc' dir='ltr'><strong><em>εἴησαν</em></strong></span> <span class='ocrx_word' id='word_1_139' title='bbox 1068 1924 1139 1985; x_wconf 77' lang='grc' dir='ltr'><strong><em>τῶν</em></strong></span> <span class='ocrx_word' id='word_1_140' title='bbox 1159 1956 1172 1968; x_wconf 85' lang='grc'>·</span> 
     </span>
     <span class='ocr_line' id='line_1_19' title="bbox 128 2010 1139 2101; baseline -0.001 -19"><span class='ocrx_word' id='word_1_141' title='bbox 128 2020 257 2082; x_wconf 75' lang='grc' dir='ltr'><strong><em>λοιπῶν</em></strong></span> <span class='ocrx_word' id='word_1_142' title='bbox 267 2013 460 2099; x_wconf 86' lang='grc' dir='ltr'><strong><em>κατύπερθε</em></strong></span> <span class='ocrx_word' id='word_1_143' title='bbox 472 2017 649 2101; x_wconf 85' lang='grc' dir='ltr'><strong><em>γενέσθαι,</em></strong></span> <span class='ocrx_word' id='word_1_144' title='bbox 665 2011 879 2083; x_wconf 83' lang='grc' dir='ltr'><strong><em>ἐλαυνόντων</em></strong></span> <span class='ocrx_word' id='word_1_145' title='bbox 894 2019 962 2081; x_wconf 72' lang='grc' dir='ltr'><strong><em>τῶν</em></strong></span> <span class='ocrx_word' id='word_1_146' title='bbox 972 2010 1139 2101; x_wconf 84' lang='grc' dir='ltr'><strong><em>Εὐβοέων</em></strong></span> 
     </span>
     <span class='ocr_line' id='line_1_20' title="bbox 127 2110 1140 2204; baseline 0.002 -24"><span class='ocrx_word' id='word_1_147' title='bbox 127 2112 279 2201; x_wconf 87' lang='grc' dir='ltr'><strong><em>πρόβατα</em></strong></span> <span class='ocrx_word' id='word_1_148' title='bbox 295 2115 347 2182; x_wconf 78' lang='grc' dir='ltr'><strong><em>έπὶ</em></strong></span> <span class='ocrx_word' id='word_1_149' title='bbox 362 2113 424 2201; x_wconf 88' lang='grc' dir='ltr'><strong><em>τήν</em></strong></span> <span class='ocrx_word' id='word_1_150' title='bbox 438 2116 633 2202; x_wconf 88' lang='grc' dir='ltr'><strong><em>θάλασσαν,</em></strong></span> <span class='ocrx_word' id='word_1_151' title='bbox 647 2115 752 2204; x_wconf 88' lang='grc' dir='ltr'><strong><em>ταύτη</em></strong></span> <span class='ocrx_word' id='word_1_152' title='bbox 768 2115 926 2195; x_wconf 82' lang='grc' dir='ltr'><strong><em>συλλέξας</em></strong></span> <span class='ocrx_word' id='word_1_153' title='bbox 938 2110 1018 2194; x_wconf 83' lang='grc' dir='ltr'><strong><em>τούς</em></strong></span> <span class='ocrx_word' id='word_1_154' title='bbox 1032 2135 1140 2202; x_wconf 91' lang='grc' dir='ltr'><strong><em>στρα-</em></strong></span> 
     </span>
     <span class='ocr_line' id='line_1_21' title="bbox 127 2209 1140 2305; baseline 0.003 -25"><span class='ocrx_word' id='word_1_155' title='bbox 127 2209 250 2300; x_wconf 83' lang='grc' dir='ltr'><strong><em>τηγούς</em></strong></span> <span class='ocrx_word' id='word_1_156' title='bbox 264 2214 359 2300; x_wconf 83' lang='grc' dir='ltr'><strong><em>ἔλεγέ</em></strong></span> <span class='ocrx_word' id='word_1_157' title='bbox 370 2233 448 2300; x_wconf 88' lang='grc' dir='ltr'><strong><em>σφι,</em></strong></span> <span class='ocrx_word' id='word_1_158' title='bbox 465 2211 510 2294; x_wconf 77' lang='grc' dir='ltr'><strong><em>ὡς</em></strong></span> <span class='ocrx_word' id='word_1_159' title='bbox 524 2217 636 2284; x_wconf 87' lang='grc' dir='ltr'><strong><em>δοκέοι</em></strong></span> <span class='ocrx_word' id='word_1_160' title='bbox 647 2219 734 2301; x_wconf 80' lang='grc' dir='ltr'><strong><em>ἔχειν</em></strong></span> <span class='ocrx_word' id='word_1_161' title='bbox 747 2211 827 2305; x_wconf 82' lang='grc' dir='ltr'><strong><em>τινά</em></strong></span> <span class='ocrx_word' id='word_1_162' title='bbox 839 2213 1008 2300; x_wconf 86' lang='grc' dir='ltr'><strong><em>παλάμην,</em></strong></span> <span class='ocrx_word' id='word_1_163' title='bbox 1023 2219 1065 2303; x_wconf 83' lang='grc' dir='ltr'><strong><em>τῇ</em></strong></span> <span class='ocrx_word' id='word_1_164' title='bbox 1081 2216 1140 2283; x_wconf 86' lang='grc' dir='ltr'><strong><em>έλ-</em></strong></span> 
     </span>
     <span class='ocr_line' id='line_1_22' title="bbox 126 2307 1136 2399; baseline 0 -21"><span class='ocrx_word' id='word_1_165' title='bbox 126 2315 213 2392; x_wconf 72' lang='grc' dir='ltr'><strong><em>πίξοι</em></strong></span> <span class='ocrx_word' id='word_1_166' title='bbox 223 2316 292 2377; x_wconf 81' lang='grc' dir='ltr'><strong><em>τῶν</em></strong></span> <span class='ocrx_word' id='word_1_167' title='bbox 302 2309 455 2397; x_wconf 80' lang='grc' dir='ltr'><strong><em>βασιλέος</em></strong></span> <span class='ocrx_word' id='word_1_168' title='bbox 466 2310 650 2398; x_wconf 86' lang='grc' dir='ltr'><strong><em>συμμάχων</em></strong></span> <span class='ocrx_word' id='word_1_169' title='bbox 663 2309 864 2399; x_wconf 81' lang='grc' dir='ltr'><strong><em>ἀποστήσειν</em></strong></span> <span class='ocrx_word' id='word_1_170' title='bbox 875 2308 954 2390; x_wconf 85' lang='grc' dir='ltr'><strong><em>τούς</em></strong></span> <span class='ocrx_word' id='word_1_171' title='bbox 965 2307 1136 2396; x_wconf 84' lang='grc' dir='ltr'><strong><em>ἀρίστους.</em></strong></span> 
     </span>
     <span class='ocr_line' id='line_1_23' title="bbox 127 2407 1139 2498; baseline -0.001 -22"><span class='ocrx_word' id='word_1_172' title='bbox 127 2414 232 2476; x_wconf 83' lang='grc' dir='ltr'><strong><em>ταῦτα</em></strong></span> <span class='ocrx_word' id='word_1_173' title='bbox 245 2407 308 2492; x_wconf 85' lang='grc' dir='ltr'><strong><em>μέν</em></strong></span> <span class='ocrx_word' id='word_1_174' title='bbox 319 2432 386 2474; x_wconf 90' lang='grc' dir='ltr'><strong><em>νυν</em></strong></span> <span class='ocrx_word' id='word_1_175' title='bbox 397 2409 431 2486; x_wconf 85' lang='grc' dir='ltr'><strong><em>ές</em></strong></span> <span class='ocrx_word' id='word_1_176' title='bbox 442 2416 582 2477; x_wconf 84' lang='grc' dir='ltr'><strong><em>τοσοῦτο</em></strong></span> <span class='ocrx_word' id='word_1_177' title='bbox 593 2411 829 2498; x_wconf 81' lang='grc' dir='ltr'><strong><em>παρεγύμνου,</em></strong></span> <span class='ocrx_word' id='word_1_178' title='bbox 844 2411 897 2479; x_wconf 73' lang='grc' dir='ltr'><strong><em>ἐπὶ</em></strong></span> <span class='ocrx_word' id='word_1_179' title='bbox 908 2408 945 2478; x_wconf 72' lang='grc' dir='ltr'><strong><em>δέ</em></strong></span> <span class='ocrx_word' id='word_1_180' title='bbox 954 2422 1040 2477; x_wconf 79' lang='grc' dir='ltr'><strong><em>τοῖσι</em></strong></span> <span class='ocrx_word' id='word_1_181' title='bbox 1055 2435 1139 2476; x_wconf 79' lang='grc' dir='ltr'><strong><em>κατ-</em></strong></span> 
     </span>
     <span class='ocr_line' id='line_1_24' title="bbox 125 2503 1139 2596; baseline -0.002 -22"><span class='ocrx_word' id='word_1_182' title='bbox 125 2505 248 2595; x_wconf 90' lang='grc' dir='ltr'><strong><em>ήκουσι</em></strong></span> <span class='ocrx_word' id='word_1_183' title='bbox 264 2503 437 2592; x_wconf 82' lang='grc' dir='ltr'><strong><em>πρήγμασι</em></strong></span> <span class='ocrx_word' id='word_1_184' title='bbox 453 2506 532 2575; x_wconf 87' lang='grc' dir='ltr'><strong><em>τάδε</em></strong></span> <span class='ocrx_word' id='word_1_185' title='bbox 549 2511 686 2596; x_wconf 84' lang='grc' dir='ltr'><strong><em>ποιητέα</em></strong></span> <span class='ocrx_word' id='word_1_186' title='bbox 703 2508 791 2579; x_wconf 74' lang='grc' dir='ltr'><strong><em>εἷναί</em></strong></span> <span class='ocrx_word' id='word_1_187' title='bbox 802 2528 863 2595; x_wconf 89' lang='grc' dir='ltr'><strong><em>σφι</em></strong></span> <span class='ocrx_word' id='word_1_188' title='bbox 881 2513 988 2593; x_wconf 81' lang='grc' dir='ltr'><strong><em>ἔλεγε·</em></strong></span> <span class='ocrx_word' id='word_1_189' title='bbox 1016 2512 1086 2573; x_wconf 81' lang='grc' dir='ltr'><strong><em>των</em></strong></span> <span class='ocrx_word' id='word_1_190' title='bbox 1100 2531 1139 2573; x_wconf 91' lang='grc' dir='ltr'><strong><em>τε</em></strong></span> 
     </span>
     <span class='ocr_line' id='line_1_25' title="bbox 126 2601 1134 2693; baseline -0.003 -19"><span class='ocrx_word' id='word_1_191' title='bbox 126 2602 306 2693; x_wconf 85' lang='grc' dir='ltr'><strong><em>προβάτων</em></strong></span> <span class='ocrx_word' id='word_1_192' title='bbox 315 2611 384 2672; x_wconf 75' lang='grc' dir='ltr'><strong><em>τῶν</em></strong></span> <span class='ocrx_word' id='word_1_193' title='bbox 390 2601 570 2691; x_wconf 73' lang='grc' dir='ltr'><strong><em>Εὐβοικῶν</em></strong></span> <span class='ocrx_word' id='word_1_194' title='bbox 578 2604 641 2673; x_wconf 85' lang='grc' dir='ltr'><strong><em>ὅσα</em></strong></span> <span class='ocrx_word' id='word_1_195' title='bbox 651 2633 699 2686; x_wconf 87' lang='grc' dir='ltr'><strong><em>τις</em></strong></span> <span class='ocrx_word' id='word_1_196' title='bbox 706 2609 818 2675; x_wconf 81' lang='grc' dir='ltr'><strong><em>ἐθέλοι</em></strong></span> <span class='ocrx_word' id='word_1_197' title='bbox 827 2604 1013 2674; x_wconf 83' lang='grc' dir='ltr'><strong><em>καταθύειν</em></strong></span> <span class='ocrx_word' id='word_1_198' title='bbox 1023 2605 1134 2691; x_wconf 86' lang='grc' dir='ltr'><strong><em>’κρέσ-</em></strong></span> 
     </span>
     <span class='ocr_line' id='line_1_26' title="bbox 125 2698 1138 2791; baseline -0.002 -19"><span class='ocrx_word' id='word_1_199' title='bbox 125 2725 188 2772; x_wconf 93' lang='grc' dir='ltr'><strong><em>σον</em></strong></span> <span class='ocrx_word' id='word_1_200' title='bbox 199 2698 265 2791; x_wconf 81' lang='grc' dir='ltr'><strong><em>γάρ</em></strong></span> <span class='ocrx_word' id='word_1_201' title='bbox 277 2699 362 2770; x_wconf 82' lang='grc' dir='ltr'><strong><em>εἶναι</em></strong></span> <span class='ocrx_word' id='word_1_202' title='bbox 372 2698 435 2787; x_wconf 84' lang='grc' dir='ltr'><strong><em>τήν</em></strong></span> <span class='ocrx_word' id='word_1_203' title='bbox 445 2699 605 2791; x_wconf 84' lang='grc' dir='ltr'><strong><em>στρατιήν</em></strong></span> <span class='ocrx_word' id='word_1_204' title='bbox 615 2699 732 2791; x_wconf 84' lang='grc' dir='ltr'><strong><em>ἐχεινή</em></strong></span> <span class='ocrx_word' id='word_1_205' title='bbox 743 2701 1036 2791; x_wconf 86' lang='grc' dir='ltr'><strong><em>τοδςπολεμίους·,</em></strong></span> <span class='ocrx_word' id='word_1_206' title='bbox 1045 2727 1138 2790; x_wconf 88' lang='grc' dir='ltr'><strong><em>παρ-</em></strong></span> 
     </span>
     <span class='ocr_line' id='line_1_27' title="bbox 126 2798 1135 2888; baseline -0.001 -20"><span class='ocrx_word' id='word_1_207' title='bbox 126 2803 219 2870; x_wconf 86' lang='grc' dir='ltr'><strong><em>αίνεέ</em></strong></span> <span class='ocrx_word' id='word_1_208' title='bbox 226 2826 262 2869; x_wconf 89' lang='grc' dir='ltr'><strong><em>τε</em></strong></span> <span class='ocrx_word' id='word_1_209' title='bbox 271 2814 446 2888; x_wconf 77' lang='grc' dir='ltr'><strong><em>προειπεῖν</em></strong></span> <span class='ocrx_word' id='word_1_210' title='bbox 456 2813 541 2871; x_wconf 74' lang='grc' dir='ltr'><strong><em>τοῖσι</em></strong></span> <span class='ocrx_word' id='word_1_211' title='bbox 548 2804 684 2871; x_wconf 76' lang='grc' dir='ltr'><strong><em>ἑωυτῶν</em></strong></span> <span class='ocrx_word' id='word_1_212' title='bbox 691 2802 850 2881; x_wconf 84' lang='grc' dir='ltr'><strong><em>ἑκάστους</em></strong></span> <span class='ocrx_word' id='word_1_213' title='bbox 861 2808 930 2887; x_wconf 84' lang='grc' dir='ltr'><strong><em>πῦρ</em></strong></span> <span class='ocrx_word' id='word_1_214' title='bbox 941 2798 1135 2870; x_wconf 89' lang='grc' dir='ltr'><strong><em>ἀνακαίειν·</em></strong></span> 
     </span>
     <span class='ocr_line' id='line_1_28' title="bbox 125 2894 1138 2991; baseline -0.003 -23"><span class='ocrx_word' id='word_1_215' title='bbox 125 2902 265 2986; x_wconf 81' lang='grc' dir='ltr'><strong><em>κομιδῆς</em></strong></span> <span class='ocrx_word' id='word_1_216' title='bbox 281 2901 318 2966; x_wconf 75' lang='grc' dir='ltr'><strong><em>δὲ</em></strong></span> <span class='ocrx_word' id='word_1_217' title='bbox 333 2901 409 2988; x_wconf 89' lang='grc' dir='ltr'><strong><em>πέρι</em></strong></span> <span class='ocrx_word' id='word_1_218' title='bbox 423 2896 486 2986; x_wconf 84' lang='grc' dir='ltr'><strong><em>τήν</em></strong></span> <span class='ocrx_word' id='word_1_219' title='bbox 501 2897 594 2986; x_wconf 78' lang='grc' dir='ltr'><strong><em>ἀρην</em></strong></span> <span class='ocrx_word' id='word_1_220' title='bbox 613 2896 704 2991; x_wconf 76' lang='grc' dir='ltr'><strong><em>αύτῷ</em></strong></span> <span class='ocrx_word' id='word_1_221' title='bbox 720 2899 878 2987; x_wconf 83' lang='grc' dir='ltr'><strong><em>μελήσειν</em></strong></span> <span class='ocrx_word' id='word_1_222' title='bbox 899 2897 983 2968; x_wconf 75' lang='grc' dir='ltr'><strong><em>ὥστε</em></strong></span> <span class='ocrx_word' id='word_1_223' title='bbox 998 2894 1138 2978; x_wconf 91' lang='grc' dir='ltr'><strong><em>ἀσινέας</em></strong></span> 
     </span>
     <span class='ocr_line' id='line_1_29' title="bbox 124 2993 1137 3087; baseline -0.001 -22"><span class='ocrx_word' id='word_1_224' title='bbox 124 2994 308 3065; x_wconf 81' lang='grc' dir='ltr'><strong><em>ἀπικέσθαι</em></strong></span> <span class='ocrx_word' id='word_1_225' title='bbox 323 2998 357 3076; x_wconf 88' lang='grc' dir='ltr'><strong><em>ἐς</em></strong></span> <span class='ocrx_word' id='word_1_226' title='bbox 373 2993 435 3085; x_wconf 87' lang='grc' dir='ltr'><strong><em>τήν</em></strong></span> <span class='ocrx_word' id='word_1_227' title='bbox 451 2995 602 3081; x_wconf 78' lang='grc' dir='ltr'><strong><em>Ἐλλάδα.</em></strong></span> <span class='ocrx_word' id='word_1_228' title='bbox 624 3004 729 3067; x_wconf 84' lang='grc' dir='ltr'><strong><em>ταῦτα</em></strong></span> <span class='ocrx_word' id='word_1_229' title='bbox 745 2993 847 3087; x_wconf 87' lang='grc' dir='ltr'><strong><em>ήρεσέ</em></strong></span> <span class='ocrx_word' id='word_1_230' title='bbox 858 3018 918 3085; x_wconf 90' lang='grc' dir='ltr'><strong><em>σφι</em></strong></span> <span class='ocrx_word' id='word_1_231' title='bbox 934 2999 1062 3067; x_wconf 85' lang='grc' dir='ltr'><strong><em>ποιέειν</em></strong></span> <span class='ocrx_word' id='word_1_232' title='bbox 1079 3000 1137 3064; x_wconf 79' lang='grc' dir='ltr'><strong><em>καί</em></strong></span> 
     </span>
     <span class='ocr_line' id='line_1_30' title="bbox 122 3092 1134 3186; baseline 0.001 -23"><span class='ocrx_word' id='word_1_233' title='bbox 122 3092 243 3164; x_wconf 87' lang='grc' dir='ltr'><strong><em>αύτίκα</em></strong></span> <span class='ocrx_word' id='word_1_234' title='bbox 256 3103 325 3180; x_wconf 80' lang='grc' dir='ltr'><strong><em>πῦρ</em></strong></span> <span class='ocrx_word' id='word_1_235' title='bbox 336 3092 609 3183; x_wconf 87' lang='grc' dir='ltr'><strong><em>ἀνακαυσάμενοι</em></strong></span> <span class='ocrx_word' id='word_1_236' title='bbox 624 3097 807 3186; x_wconf 84' lang='grc' dir='ltr'><strong><em>ἐτράποντο</em></strong></span> <span class='ocrx_word' id='word_1_237' title='bbox 818 3094 903 3182; x_wconf 87' lang='grc' dir='ltr'><strong><em>πρδς</em></strong></span> <span class='ocrx_word' id='word_1_238' title='bbox 914 3094 954 3166; x_wconf 87' lang='grc' dir='ltr'><strong><em>τά</em></strong></span> <span class='ocrx_word' id='word_1_239' title='bbox 968 3096 1134 3185; x_wconf 86' lang='grc' dir='ltr'><strong><em>πρόβατα.</em></strong></span> 
     </span>
    </p>

    <p class='ocr_par' dir='ltr' id='par_1_6' title="bbox 69 3189 1136 3484">
     <span class='ocr_line' id='line_1_31' title="bbox 69 3189 1136 3283; baseline 0 -23"><span class='ocrx_word' id='word_1_240' title='bbox 69 3208 111 3260; x_wconf 69' lang='grc' dir='ltr'><strong><em>το</em></strong></span> <span class='ocrx_word' id='word_1_241' title='bbox 125 3196 171 3262; x_wconf 80' lang='grc' dir='ltr'><strong><em>Οἱ</em></strong></span> <span class='ocrx_word' id='word_1_242' title='bbox 180 3189 250 3279; x_wconf 84' lang='grc' dir='ltr'><strong><em>γάρ</em></strong></span> <span class='ocrx_word' id='word_1_243' title='bbox 262 3190 409 3281; x_wconf 79' lang='grc' dir='ltr'><strong><em>Εὐβοέες</em></strong></span> <span class='ocrx_word' id='word_1_244' title='bbox 425 3192 721 3283; x_wconf 83' lang='grc' dir='ltr'><strong><em>παραχρησάμενοι</em></strong></span> <span class='ocrx_word' id='word_1_245' title='bbox 741 3193 803 3264; x_wconf 83' lang='grc' dir='ltr'><strong><em>τὸν</em></strong></span> <span class='ocrx_word' id='word_1_246' title='bbox 820 3194 964 3274; x_wconf 84' lang='grc' dir='ltr'><strong><em>Βάκιδος</em></strong></span> <span class='ocrx_word' id='word_1_247' title='bbox 983 3191 1136 3282; x_wconf 83' lang='grc' dir='ltr'><strong><em>χρησμὸν</em></strong></span> 
     </span>
     <span class='ocr_line' id='line_1_32' title="bbox 124 3287 1134 3384; baseline 0.004 -25"><span class='ocrx_word' id='word_1_248' title='bbox 124 3288 168 3370; x_wconf 83' lang='grc' dir='ltr'><strong><em>ἀς</em></strong></span> <span class='ocrx_word' id='word_1_249' title='bbox 178 3287 280 3359; x_wconf 70' lang='grc' dir='ltr'><strong><em>οὐδέν</em></strong></span> <span class='ocrx_word' id='word_1_250' title='bbox 291 3296 448 3380; x_wconf 87' lang='grc' dir='ltr'><strong><em>λέγοντα,</em></strong></span> <span class='ocrx_word' id='word_1_251' title='bbox 461 3290 540 3364; x_wconf 82' lang='grc' dir='ltr'><strong><em>οὔτε</em></strong></span> <span class='ocrx_word' id='word_1_252' title='bbox 551 3322 582 3364; x_wconf 94' lang='grc' dir='ltr'><strong><em>τι</em></strong></span> <span class='ocrx_word' id='word_1_253' title='bbox 593 3298 825 3384; x_wconf 78' lang='grc' dir='ltr'><strong><em>ἐξεκομίσαντο</em></strong></span> <span class='ocrx_word' id='word_1_254' title='bbox 840 3292 941 3365; x_wconf 74' lang='grc' dir='ltr'><strong><em>οὐδέν</em></strong></span> <span class='ocrx_word' id='word_1_255' title='bbox 952 3292 1030 3364; x_wconf 78' lang='grc' dir='ltr'><strong><em>οὔτε</em></strong></span> <span class='ocrx_word' id='word_1_256' title='bbox 1046 3318 1134 3383; x_wconf 73' lang='grc' dir='ltr'><strong><em>προ-</em></strong></span> 
     </span>
     <span class='ocr_line' id='line_1_33' title="bbox 116 3389 1133 3484; baseline 0.006 -25"><span class='ocrx_word' id='word_1_257' title='bbox 116 3391 282 3472; x_wconf 78' lang='grc' dir='ltr'><strong><em>εσάξαντο</em></strong></span> <span class='ocrx_word' id='word_1_258' title='bbox 304 3389 349 3473; x_wconf 76' lang='grc' dir='ltr'><strong><em>ὡς</em></strong></span> <span class='ocrx_word' id='word_1_259' title='bbox 368 3397 600 3481; x_wconf 86' lang='grc' dir='ltr'><strong><em>παρεσομένου</em></strong></span> <span class='ocrx_word' id='word_1_260' title='bbox 621 3415 682 3484; x_wconf 89' lang='grc' dir='ltr'><strong><em>σφι</em></strong></span> <span class='ocrx_word' id='word_1_261' title='bbox 702 3399 869 3479; x_wconf 82' lang='grc' dir='ltr'><strong><em>πολέμου,</em></strong></span> <span class='ocrx_word' id='word_1_262' title='bbox 896 3397 1074 3483; x_wconf 83' lang='grc' dir='ltr'><strong><em>περιπετέα</em></strong></span> <span class='ocrx_word' id='word_1_263' title='bbox 1097 3422 1133 3465; x_wconf 84' lang='grc' dir='ltr'><strong><em>τε</em></strong></span> 
     </span>
    </p>
   </div>
   <div class='ocr_carea' id='block_1_3' title="bbox 0 0 1194 3840">
    <p class='ocr_par' dir='ltr' id='par_1_7' title="bbox 0 0 1194 3840">
     <span class='ocr_line' id='line_1_34' title="bbox 0 0 1194 3840; baseline 0 2"><span class='ocrx_word' id='word_1_264' title='bbox 0 0 1194 3840; x_wconf 95' lang='lat' dir='ltr'><strong><em> </em></strong></span> 
     </span>
    </p>
   </div>
  </div>
 </body>
</html>
