2378 3840
354 152 440 210 LIB.
472 154 520 212 VI.
552 154 653 213 cAP.
685 161 791 217 5-9.
1034 153 1075 217 63

65 310 230 397 Πριηνέες
242 307 395 401 δνύδεκα
406 311 507 394 νηυσί
517 312 572 379 καὶ
583 314 757 383 Μυούσιοι
767 316 856 402 τρισί
867 317 976 401 νηυσὶ,
992 321 1074 383 Μυ·

65 414 192 483 ονσέων.
213 406 251 479 δὲ
268 407 364 496 Τήιοι
388 418 515 495 είχοντο
533 412 751 486 ἑπτακαίδεκα
765 417 882 501 νηυσί,
910 419 1021 500 Τηίων
1036 414 1073 482 δέ

66 517 195 596 είχοντο
207 515 286 578 xxm
302 505 422 577 ἑκατὸν
433 515 549 595 νηυσί·
570 509 655 595 πρὸς
668 511 705 580 δὲ
719 512 868 582 τούτοισι
879 509 1076 599 Ἐρυθραῖοί

64 638 98 683 τε
113 611 297 682 ἐτάσσοντο
317 613 374 680 καὶ
387 613 572 699 Φωκαιέες,
589 611 783 703 Ἐρυθραῖοι
802 614 865 701 μὲν
886 609 972 682 ὀκτὺ
994 612 1072 689 νέας

64 708 303 800 παρεχόμενοι,
322 712 491 788 Φωκαιέες
507 707 544 777 δέ
561 726 663 799 τρεῖς·
688 713 871 780 Φωκαιέων
888 712 925 778 δὲ
943 719 1070 796 εἴχοντο

64 811 200 896 Λέσβιοι
222 810 324 894 νηυσὶ
345 807 590 895 ἑβδομήκοντα·
624 817 806 878 τελευταῖοι
833 809 870 877 δέ
891 807 1069 876 ἐτάσσοντο

63 913 193 995 ἔχοντες
206 905 244 975 τδ
260 905 345 994 πρὸς
367 909 510 994 ἑσπέρην
527 910 625 994 κέρας
640 909 767 995 Σάμιοι
784 909 942 996 ἑξήκοντα
958 914 1067 996 νηυσί.

61 1006 198 1076 πασέων
217 1007 254 1073 δέ
273 1005 405 1075 τούτων
426 999 444 1073 ὑ
461 1007 594 1093 σύμπας
610 1003 755 1093 ἀριθμὸς
768 1010 898 1093 ἐγένετο
913 1021 999 1094 τρεῖς
1014 1008 1069 1073 καὶ

60 1104 270 1192 πεντήκοντα
284 1107 340 1175 καὶ
355 1105 543 1194 τριηκόσιαι
557 1105 715 1194 τριήρεες.
748 1098 848 1175 αὑται
866 1106 928 1195 μὲν
945 1104 1068 1175 Ἰάνων
1082 1123 1101 1179 9

60 1199 164 1293 ἦσαν,
179 1210 249 1275 τῶν
263 1203 496 1293 δὲβαρβάρων
509 1204 546 1274 τδ
561 1213 692 1293 πλῆθος
705 1213 773 1274 τῶν
787 1214 876 1275 νεῶν
888 1197 976 1296 ἦσαν
992 1208 1067 1288 ἑξα-

58 1309 180 1376 κόσιαι.
204 1301 254 1385 ὑς-
263 1305 302 1374 δέ
315 1309 370 1379 καί
384 1298 483 1376 αὗται
498 1305 640 1375 ἀπίκατο
654 1304 739 1394 πρὸς
752 1304 814 1394 τήν
825 1314 998 1394 Μιλησίην
1011 1310 1068 1376 καὶ

57 1404 75 1475 ὑ
90 1404 191 1487 πεζάς
200 1423 264 1492 σφι
273 1402 361 1484 ἅπας
374 1411 503 1493 παρῆν,
518 1408 668 1474 ἐνθαῦτα
677 1410 712 1474 οί
720 1407 879 1493 Περσέων
890 1406 1067 1490 στρατηγοὶ

57 1504 252 1591 πυθόμενοι
269 1499 307 1570 τδ
323 1510 454 1589 πλῆθος
467 1510 536 1570 τάν
552 1500 668 1572 Ἰάδων
683 1510 772 1570 νεῶν
791 1501 1066 1590 καταρρώδησαν,

57 1601 101 1691 μή
121 1599 167 1669 οὑ
179 1603 318 1669 δυνατοὶ
331 1603 496 1687 γένωνται
512 1599 781 1690 ὑπερβαλέσθαι,
802 1603 857 1669 καὶ
877 1597 967 1669 οὑτω
987 1596 1065 1666 οὔτε

55 1699 120 1790 τήν
130 1705 288 1786 Μίλητον
301 1695 411 1768 οἷοίτε
426 1706 505 1768 έωσι
516 1704 638 1782 ἐξελεῖν
651 1699 696 1789 μή
712 1698 775 1769 ούκ
790 1699 900 1778 ἐόντες
914 1697 1066 1785 ναυκρά-

56 1824 171 1888 τορες,
192 1797 277 1886 πρός
289 1824 326 1866 τε
340 1805 490 1884 Δαρείου
504 1801 751 1869 κινδυνεύσωσι
769 1798 876 1866 κακόν
890 1825 922 1865 τι
938 1802 1063 1883 λαβεῖν.

55 1903 162 1965 ταῦτα
172 1893 404 1981 ἐπιλεγόμενοι
413 1898 629 1976 συλλέξαντες
639 1903 707 1964 τάν
717 1893 839 1964 Ἰάνων
847 1893 926 1973 τοὺς
937 1893 1065 1979 τυράν-

54 2019 150 2081 νους,
163 1999 198 2061 οἳ
206 1989 265 2062 ὑπ’
278 1989 519 2079 Ἀρισταγόρεω
531 1995 593 2082 μὲν
604 2000 842 2080 τούΜιλησίου
853 1996 1064 2062 καταλυθέν-

57 2120 112 2174 τες
127 2098 198 2162 τῶν
212 2088 342 2178 άρχέων
355 2097 503 2178 έρευγον
520 2096 553 2172 ἐς
563 2094 722 2181 Μήδους,
739 2094 923 2180 ἐτύγχανον
937 2094 974 2162 δέ
988 2093 1063 2163 τότε

57 2189 362 2279 συστρατευόμενοι
377 2191 431 2257 ἐπὶ
443 2187 506 2275 τήν
516 2197 688 2278 Μίλητον,
702 2191 831 2258 τούτων
844 2198 912 2259 τῶν
926 2189 1062 2278 άνδράυ

53 2288 135 2370 τοὺς
145 2285 333 2377 παρεέντας
343 2291 608 2374 συγκαλέσαντες
619 2289 735 2374 ἔλεγόν
745 2308 806 2375 σφι
816 2289 895 2357 τάδε
905 2316 911 2329 ·
923 2289 1062 2374 ’Ἀνδρες

53 2389 188 2474 Ἴωνες,
202 2392 269 2454 νῦν
282 2411 333 2464 τις
347 2381 462 2470 ὑμέων
476 2377 516 2452 εὑ
528 2385 671 2471 ποιήσας
681 2386 820 2474 φανήτω
833 2385 894 2455 τὸν
908 2390 1062 2476 βασιλέος

55 2487 168 2559 οἶκον·
189 2482 269 2565 τοὺς
282 2482 348 2571 γάρ
368 2481 483 2552 αὑτοῖν
500 2486 637 2564 ἕκαστος
650 2482 763 2571 ὑμέων
774 2489 931 2576 πολιήτας
942 2489 1062 2573 πειρά-

54 2597 133 2659 σθω
142 2581 327 2671 ἀνασχίζειν
338 2579 403 2650 άπὸ
416 2589 476 2650 τοῦ
487 2589 608 2652 λοιποῦ
620 2592 839 2671 συμμαχικοῦ.
859 2586 1062 2675 προϊσχόμε-

20 2768 25 2779 ·
54 2709 110 2753 νοι
124 2681 164 2753 δὲ
176 2684 419 2768 ἐπαγγείλασθε
432 2681 529 2767 τάδε,
552 2677 597 2759 ὡς
612 2687 786 2752 πείσονταί
796 2709 832 2753 τε
845 2683 944 2772 άχαρι
959 2680 1061 2750 οὐδὲν
1181 2672 1187 2685 ’

53 2781 110 2853 διὰ
129 2778 194 2869 τήν
209 2779 411 2865 ἀπόστασιν,
433 2779 516 2848 ούδέ
527 2799 588 2867 σφι
603 2776 681 2848 οὔτε
700 2778 741 2850 τά
759 2779 815 2868 ίρά
835 2781 914 2851 οὔτε
932 2781 973 2851 τά
990 2786 1060 2851 ίδια

53 2881 308 2970 ἐμπεπρήσεται,
316 2875 396 2946 οὐδὲ
406 2876 597 2966 βιαιότερον
609 2880 721 2958 ἕξουσι
734 2877 845 2967 οὐδὲν,
860 2875 882 2968 ή
894 2880 1060 2967 πρότερον

53 2978 161 3066 εἶχον·
188 2975 268 3046 ἃδέ
289 2975 468 3063 ταῦταμὲν
483 2976 525 3044 ού
539 2978 735 3065 ποιήσουσι,
756 2984 791 3048 οί
804 2982 840 3048 δὲ
855 2979 988 3072 πάνσς
1002 2971 1059 3047 διὰ

53 3080 159 3166 μάχης
169 3079 379 3162 ἐλεύσονται,
395 3075 474 3145 τάδε
486 3096 547 3164 σφι
558 3078 669 3163 λέγετε
682 3076 927 3165 ἐπηρεάζοντες,
953 3076 1057 3163 τάπερ
1129 3156 1133 3162 .

54 3200 160 3267 σφεας
174 3181 316 3266 κατέξει,
333 3175 377 3257 ὡς
388 3182 592 3258 ἑσσωθέντες
603 3185 643 3268 τῇ
653 3179 741 3268 μάχη
756 3181 1058 3265 ἐξανδραποδιεῦν-

10 3342 27 3359 ,
53 3306 123 3368 ται,
140 3281 196 3350 καὶ
210 3277 256 3358 ὥς
270 3299 385 3366 σφεων
399 3279 478 3360 τούς
489 3285 610 3358 παῖδας
624 3282 775 3366 ἐκτομίας
790 3278 983 3368 ποιήσομεν,
999 3279 1058 3359 τὰς

54 3379 89 3448 δέ
102 3377 297 3466 παρθένους
307 3374 542 3458 ἀνασπάστους
552 3381 585 3458 ἐς
591 3378 737 3468 Βάκτρα,
750 3381 805 3448 καί
817 3377 861 3460 ὡς
871 3378 933 3468 τήν
943 3378 1057 3468 χάρην
