2378 3840
315 185 399 242 ιιε.
432 185 490 240 vu.
524 183 624 240 ειν.
658 191 814 258 ε-ε,ι.
1010 182 1072 246 125

58 339 276 420 έκεστεαῑτας.
300 342 441 420 τούτους
454 343 517 427 μέν
530 366 597 408 νυν
611 340 921 428 καταστρεψάμενος
936 344 991 412 καί
1006 355 1070 413 Αί-

9 462 191 529 γνκτον
211 446 324 508 πᾶσαν
345 436 471 509 πολλὸν
486 441 690 526 δουλοτέρην
703 442 860 529 ποιήσας,
882 438 905 529 ἢ
925 444 977 510 έπὶ
994 453 1069 510 Δα-

58 533 199 632 ρεέον
175 567 238 630 ην,
259 539 431 628 ἐπιτράπει
447 538 647 626 Ἆχαιμένεί,
672 537 825 633 ἀδελφεῷ
845 541 907 628 μέν
929 547 1067 624 ἑωυτοῦ

57 644 211 728 Δαρείου
225 639 263 707 δέ
281 641 384 707 παιδί.
428 635 619 723 Ἀχαιμένεα
639 638 701 739 μέν
721 664 787 706 νυν
809 642 1069 729 ἐπιτροπεύοντα

58 736 237 826 Αίγύπτου
252 734 362 826 χρόνῳ
376 738 566 822 μετέπειτεν
576 719 761 820 έφόνευσε’
756 735 917 820 Ινάρωςὸ
934 747 1068 826 Ψαμμι·

58 830 188 923 τίχον’
168 829 255 921 ανὴρ
267 839 381 921 Λίβυς.
404 834 527 919 Ξέρξης
543 829 581 899 δὲ
593 830 676 918 μετὰ
691 833 867 918 Αἰγύπτου
883 834 1048 905 ύλωσιν“
1027 862 1071 914 ως
1086 853 1103 905 8

59 938 178 1022 έμελλε
191 933 226 1010 ές
236 944 347 1018 χεῖρας
361 927 550 1011 ύξεσδαι
515 956 553 998 το
569 931 757 1018 στράτευμα
773 959 811 1001 το
801 931 881 1002 ’λέπ
893 934 952 1015 τάς
965 935 1069 1024 Ἀθή-

58 1058 138 1118 νας,
155 1030 323 1116 σύλλογον
336 1031 513 1115 ἐπίκλητον
525 1031 685 1114 Περσέων
699 1038 767 1099 τῶν
781 1029 926 1117 άρίστων
940 1040 1068 1104 ἐποιέε-

58 1157 110 1217 το,
125 1132 185 1199 iva
196 1126 332 1215 γνύμας
342 1153 378 1196 τε
389 1127 538 1213 πύθηται
549 1130 664 1213 σφέων
674 1132 729 1198 καί
740 1127 841 1210 αύτός
852 1135 889 1199 έν
899 1140 980 1201 πᾶσι
992 1144 1068 1223 είπη

58 1225 101 1298 τά
110 1226 228 1296 έθέλει.
244 1223 303 1304 Ὡς
314 1227 351 1294 δέ
362 1228 624 1312 συνελέχθησαν,
641 1230 729 1307 ἔλεξε
739 1231 862 1316 Ξέρξης
872 1232 967 1301 τάδε·
987 1233 1069 1303 ''Av-
1084 1254 1096 1304 1

60 1329 139 1413 δρες
156 1327 301 1412 Πέρσαι,
322 1321 394 1393 οὔτ’
414 1319 514 1402 αύτός
533 1323 760 1412 κατηγήσομαι
783 1326 891 1415 νόμον
912 1332 1011 1400 τόνδε
1031 1336 1068 1400 έν

10 1492 12 1499 .
59 1426 143 1516 ὑμίν
157 1423 278 1511 τιθείς,
294 1420 565 1512 παραδεξάμενός
579 1447 615 1491 τε
630 1420 721 1516 αύτῷ
739 1425 909 1546 χρήσομαι.
943 1428 987 1510 ὡς
1002 1430 1066 1518 γάρ

60 1524 126 1615 έγτδ
141 1524 363 1610 πυνθάνομαι
375 1528 444 1590 τῶν
458 1524 706 1609 πρεσβυτέρων,
722 1520 853 1609 ούδαμύ
864 1551 913 1593 κω
923 1525 1068 1617 ήτρεμή·

60 1646 184 1712 σαμεν,
213 1624 319 1691 έπείτε
336 1620 570 1707 παρελάβομεν
586 1619 649 1707 τήν
662 1619 845 1709 ἡγεμονίην
861 1625 961 1714 τήνδε
976 1626 1066 1715 παρά

60 1719 321 1810 ΜηδωνΚυρου
332 1717 529 1796 πατελοντος
539 1713 736 1803 Ἀστυάγεα·
748 1717 833 1788 ἀλλά
842 1721 924 1801 δεος
933 1750 968 1793 τε
979 1751 1067 1794 ουτω

60 1846 134 1909 αγει
151 1818 207 1887 καὶ
221 1814 351 1886 αὐτοῖσι
363 1812 445 1905 ἡμῖν
459 1811 567 1883 πολλά
579 1816 739 1885 ἐπέπουσι
749 1821 954 1908 συμφέρεται
965 1822 1063 1890 ἐπὶ
1029 1849 1064 1890 το

60 1916 210 2007 ἔμειναν.
243 1913 291 1984 Τά
307 1919 371 2002 μέν
384 1940 451 1983 ννν
467 1914 582 2000 Κῦρός
594 1939 630 1982 τε
645 1918 700 1982 καί
710 1917 895 2004 Καμβύσης
908 1922 1016 2008 πατήρ
1031 1948 1068 1989 τε

59 2046 78 2089 ο
65 2014 172 2107 ’ἐμὸς
182 2026 328 2102 Δαρεῖος
341 2014 588 2103 κατεργάσαντο
600 2015 656 2081 καὶ
668 2017 937 2105 προσεκτήσαντο
952 2024 1066 2106 έδυεα,

59 2106 361 2201 ἐπισταμένοισι
321 2139 360 2182 ευ
381 2111 444 2182 ούκ
465 2112 509 2180 άν
522 2139 571 2193 τις
587 2114 686 2200 λέγοι.
711 2112 776 2201 έγύ
792 2118 830 2185 δὲ
853 2119 928 2187 έπεί
913 2124 961 2187 ίτε
979 2145 1068 2210 παρ-

59 2223 183 2307 έλαβον
196 2213 256 2284 τὸν
270 2213 411 2303 θρόνον,
427 2221 526 2283 τούτο
538 2212 780 2302 έφρύντιζον,”
760 2241 846 2296 οκως
855 2244 900 2305 μη
889 2216 1068 2306 λείψομαι

58 2324 128 2387 τῶν
143 2312 310 2403 πρότερον
322 2314 515 2398 γενομένων
531 2319 610 2399 τιμή
628 2316 706 2402 τήδε
719 2314 803 2399 μηδὲ
817 2314 945 2384 ἐλάσσω
960 2337 1064 2406 προσ-

58 2414 222 2503 κτήσομαι
237 2410 385 2497 δύναμιν
397 2412 564 2499 Πέρσησι·
588 2410 823 2497 φροντίζωνδὲ
838 2411 898 2500 εύρ
900 2421 982 2483 ίστιω
996 2413 1065 2501 ἅμα

59 2515 122 2602 μέν
136 2513 240 2588 κῦδος
253 2505 336 2595 ἡμῖν
350 2507 620 2594 προσγινόμενον
635 2508 749 2594 χήρην
762 2533 798 2576 τε
812 2516 870 2596 τῆς
884 2518 951 2578 νῦν
968 2513 1064 2599 ἐκτή-

59 2620 149 2699 μεδα
164 2604 227 2676 ούκ
247 2605 413 2674 ἐλάσσονα
428 2601 508 2675 ούδδ
523 2610 774 2692 φλαυροτέρην,
797 2614 1065 2699 παμφορωτέρην

59 2704 154 2776 δδ”
101 2731 200 2794 ,αμα
217 2705 254 2772 δέ
268 2709 431 2790 τιμωρίην
445 2729 482 2771 τε
496 2705 551 2772 καί
567 2709 656 2770 τίσιν
674 2706 864 2793 γινομένην.
895 2704 981 2776 διὸ’
963 2711 1067 2795 υμέας

57 2811 125 2873 νῦν
145 2799 210 2889 ἐγώ
225 2803 385 2883 συνέλεξα
346 2807 403 2888 ξα,
425 2798 537 2870 ἴνα
502 2827 539 2869 το
559 2805 644 2869 νοέω
665 2801 827 2889 πρήσσειν
848 2803 1066 2894 ὑπερθέωμαι

57 2901 149 2992 ύμλν.
165 2903 291 2970 Μέλλω
307 2900 419 2982 ζεύξας
432 2897 494 2968 τδν
502 2897 746 2987 Ἑλλήσποντον
759 2903 839 2970 έλάν
852 2901 995 2990 στρατὸν
1011 2902 1066 2972 διά
1081 2926 1097 2976 ν

57 3007 115 3088 τῆς
130 2996 298 3085 Εύρύπης
312 3001 365 3067 έπί
381 2996 444 3085 τήν
452 2995 611 3085 Ἑλλάδα,
631 3003 689 3067 ἵνα
701 2996 901 3087 Ἀθηναίους
917 3001 1065 3089 τιμωρή-

57 3117 185 3186 σωμαι,
211 3095 273 3165 ὅσα
297 3093 337 3185 δή
358 3096 559 3184 πεποιήκασι
573 3100 706 3180 Πέρσας
727 3099 837 3165 τεκαὶ
859 3099 984 3186 πατέρα
1005 3099 1065 3167 τὸν

56 3195 149 3283 έμόν.
172 3191 278 3281 ὡρᾶτε
292 3197 354 3280 μέν
365 3196 497 3264 υννκαί
509 3203 658 3282 Δαρεῖον
669 3194 812 3263 ίδύοντα
823 3196 1065 3283 στρατεύεσθαι

57 3297 111 3367 έπὶ
123 3291 203 3372 τούς
215 3293 340 3381 ἄνδρας
351 3294 501 3375 τούτους.
517 3290 591 3362 ἀλλ’
608 3289 703 3380 ὁμέν
712 3293 922 3380 τετελεύτηκε
936 3299 991 3365 καὶ
1002 3294 1064 3365 οὐκ

33 3462 38 3468 ,
56 3389 225 3483 ἐξεγένετό
240 3394 274 3458 οἱ
284 3394 554 3482 τιμωρήσασθαι,
573 3391 637 3479 έγύ
654 3393 689 3462 δὲ
704 3390 790 3478 ὑπέρ
806 3419 840 3461 τε
857 3395 988 3463 ἐκείνου
1007 3398 1062 3463 καὶ
