2378 3840
36 187 99 251 110
412 186 666 245 ΗΕΒΟΒΟΤΙ

1 363 21 419 ,6
35 350 126 416 ἐοῦσι
138 345 201 434 ἤδη
212 348 249 413 ἐν
259 352 334 433 τῇσι
348 351 456 431 νηυσί.
481 338 585 413 Οὗτοι
599 349 662 432 μὲν
673 342 714 432 δη
726 351 933 432 περιίπλωον
945 347 1038 415 Σού-

34 467 130 527 νιον,
142 439 316 530 Ἀθηναῖοι
334 444 388 528 δὲ,
410 439 455 520 ὡς
468 445 585 509 ποδοῖν
600 440 706 529 εἶχον,
735 439 870 528 τάχιστα
889 444 1037 528 ἐβάθεοι-

34 543 70 621 ἐς
83 537 120 607 τό
132 537 232 626 άστυ,
249 543 306 608 καί
320 540 478 627 ἔφθησάν
487 564 523 608 τε
533 537 733 626 ἀπικόμενοι
743 537 854 628 πρένῆ
864 539 944 619 τούς
954 532 1039 628 βαρ-

34 636 162 724 βάρους
170 634 276 724 ἥκειν,
288 638 344 706 καὶ
353 637 695 722 ἐστρατοπεδεύσαντο
705 636 883 725 ἀπιγμένοι
894 641 927 718 ἐξ
936 636 1040 723 Ἡρα-

35 741 150 803 κλείου
162 743 224 804 τοῦ
238 739 277 805 ἐν
292 743 488 824 Μαραθῶνι
498 739 538 804 ἐν
550 735 644 829 ἀλλην
658 734 840 828 Ἡρακλείῳ
853 742 900 829 τῷ
914 739 952 804 ἐν
965 744 1039 804 Κυ-

34 831 203 920 νοσάργει.
232 839 266 902 οί
284 834 321 903 ῦὲ
340 833 506 922 βάρβαροι
519 841 593 923 τῇσι
614 838 715 922 νηυσί
728 832 1039 922 ὑπεραιωρηθέντες

35 932 196 1020 Φαλήρου
214 939 327 1001 ’τοῦτο
345 929 412 1018 γάρ
425 927 470 1020 ἦν
485 935 631 1003 ἐπίνειον
648 932 726 1002 τότε
741 939 810 1001 τῶν
823 928 1038 1019 Ἀθηναίων’,

34 1031 120 1120 ὑπὲρ
138 1032 260 1101 τοῦτον
275 1030 568 1118 ἀνακωχεύσαντες
580 1031 640 1111 τάς
652 1035 731 1112 νίας
745 1028 922 1101 ἀπέπλωον
932 1025 1039 1098 ὀπίσω

34 1135 67 1212 ἐς
82 1131 146 1221 τὴν
155 1131 276 1222 Ἀσίην.
313 1133 368 1202 Ἐν
381 1136 485 1224 ταάτη
495 1141 536 1224 τῇ
548 1138 585 1203 ἐν
596 1141 792 1222 Μαραθῶνι
806 1132 893 1220 μάχη
908 1129 1038 1199 ἀπέθα-

34 1258 98 1301 νον
111 1239 180 1300 νῦν
192 1233 376 1322 βαρβάρων
390 1233 473 1303 κατά
491 1239 727 1322 ἑξακισχιλίους
741 1235 797 1302 καί
806 1236 1037 1318 τετρακοσίους

34 1329 177 1418 ἄνδρας,
192 1326 382 1418 Ἀθηναίων
394 1335 432 1402 δὲ
445 1332 564 1402 ἑκατόν
578 1333 780 1422 ἐνενήκοντα
794 1335 849 1399 καί
860 1329 939 1398 ῦόο·
960 1334 1038 1397 ἐπε-

34 1454 98 1500 σον
110 1431 173 1518 μὲν
184 1428 384 1521 ἀμφοτέρων
395 1443 558 1520 τοσοῦτοι,
573 1435 751 1522 συνήνεικε
773 1433 811 1502 δὲ
828 1428 948 1498 αὐτόθι
964 1432 1036 1496 θά-

34 1557 81 1617 μα
102 1532 263 1616 γενέσθαι
284 1533 433 1620 τοιόνδε,
454 1531 637 1621 Ἀθηναίου
659 1531 766 1620 ἄνδρα
786 1527 957 1614 Ἐπίζηλον
978 1524 1036 1596 τόν

34 1632 268 1720 Κουφαγόρεω
283 1637 321 1704 ἐν
333 1643 374 1726 τῇ
389 1636 530 1704 συστάσι
544 1633 734 1723 μαχόμενόν
746 1656 783 1699 τε
797 1632 851 1698 καὶ
866 1626 975 1714 ἀνδρα
984 1653 1038 1713 μι-

34 1730 180 1817 νόμενον
195 1728 329 1817 ἀγαθόν
348 1741 416 1802 τῶν
432 1731 592 1820 ὀμμάτων
609 1736 830 1817 στερηθῆναι,
854 1723 932 1794 οὔτε
952 1731 1038 1808 πλη

34 1833 134 1916 νέντα
148 1826 250 1898 οόῦέν
263 1838 325 1899 τοῦ
341 1832 492 1918 σώματος
502 1829 581 1902 οὔτε
595 1832 782 1917 βληθέντα,
796 1828 852 1894 καί
864 1823 902 1892 τό
917 1821 1037 1891 λοιπὸν

33 1935 91 2015 τῆς
102 1929 176 2015 ζόης
188 1932 368 2000 διατελέειν
378 1929 575 2002 ἀπότοότου
584 1937 646 2000 τοῦ
656 1927 885 2017 χρόνουέόυτα
896 1924 1035 2011 τυφλόν.
1074 1957 1079 1968 ·

34 2028 145 2111 λέγειν
156 2026 192 2093 δὲ
203 2026 308 2095 αὐτόν
317 2027 447 2116 ἤκουσα
458 2032 534 2116 περὶ
542 2035 605 2098 τοῦ
613 2029 743 2108 πάθεος
751 2027 882 2097 τοιόνδε
892 2022 968 2093 τινά
978 2023 1038 2091 λό-

33 2149 113 2210 γον,
128 2121 237 2209 ἀνδρα
248 2131 283 2195 οί
292 2132 422 2197 δοκέειν
433 2127 573 2217 ὁπλίτην
585 2126 780 2215 ἀντιστῆναι
790 2131 912 2214 μέγαν,
926 2131 989 2194 τοῦ
998 2121 1034 2190 τό

33 2230 165 2313 ρένειον
180 2224 243 2313 τὴν
260 2225 383 2298 άσπίῦα
398 2237 509 2299 πάσαν
529 2230 691 2312 σκιάζειν·
717 2226 754 2296 τὸ
774 2227 810 2295 δέ
825 2226 942 2315 φάσμα
958 2229 1037 2293 τοῦ·

33 2349 71 2392 το
86 2322 213 2392 ἑωυτόν
225 2329 287 2412 μὲν
305 2328 539 2415 παρεξελθείν,
557 2326 618 2396 τόν
632 2331 808 2395 ῦέ-ἑωυτοῦ
824 2321 1037 2408 παρυπάτην

33 2421 236 2494 ἀποκτείναι.
259 2436 364 2495 ταῦτα
380 2434 442 2514 μὲν
457 2427 496 2515 δὴ
509 2427 679 2514 Ἐπίζηλον
693 2423 871 2511 ἐπυθόμην
884 2423 1003 2508 λέγειν.

5 2546 13 2586 2
116 2530 222 2602 Δάτις
233 2526 270 2592 ῦέ
280 2527 506 2613 πορευόμενος
517 2526 586 2613 ἀμα
599 2532 645 2617 τῷ
658 2529 785 2612 στρατῷ
797 2524 830 2600 ἐς
840 2518 902 2606 τὴν
912 2517 1037 2602 Ἀσίην,

33 2624 144 2691 ἐπείτε
168 2624 299 2707 ἐγένετο
317 2627 355 2692 ἐν
370 2625 539 2716 Μυκόνῳ,
558 2623 623 2692 είῦε
640 2621 720 2704 ὄψιν
735 2623 772 2688 ἐν
785 2625 832 2709 τῷ
846 2617 952 2707 ὕπνῳ.
983 2618 1036 2682 καὶ

32 2719 104 2806 ἥτις
118 2721 181 2806 μὲν
193 2713 237 2807 ἦν
251 2718 273 2808 ἡ
289 2719 380 2810 όιρις,
398 2722 441 2792 οῦ
457 2728 603 2811 λέγεται,
620 2722 637 2790 ὁ
654 2723 706 2807 ῦέ,
724 2719 767 2798 ὥς
780 2717 886 2807 ἡμέρη
901 2714 1036 2801 τάχιστα

34 2818 216 2903 ἐπέλαμψε,
234 2818 367 2905 ζήτησιν
382 2823 525 2890 ἐποιέετο
541 2831 610 2890 νῦν
620 2826 718 2905 νεῦν,
735 2814 847 2902 εῦράν
857 2816 894 2883 δὲ
905 2816 942 2881 ἐν
953 2819 1037 2880 Φοι-

33 2920 132 3000 υίσση
145 2917 203 2998 νηί
212 2912 344 3000 άγαλμα
356 2915 564 2997 ’Λπόλλωνος
577 2918 832 3004 κεχρυσωμένον
845 2911 1037 2980 ἐπυνθάνε-

33 3007 216 3097 το,ὁιιόθεν
226 3017 454 3100 σεσυλημένον
465 3025 531 3102 είη·
544 3015 739 3100 πυθόμενος
750 3012 787 3080 δὲ
797 3014 830 3092 ἐξ
841 3002 884 3078 οό
893 3002 939 3095 ἦν
949 3013 1036 3094 ίροῦ,

34 3115 140 3179 ἐπλωε
154 3115 195 3198 τῇ
209 3113 341 3181 ἐωυτοῦ,
356 3118 414 3199 νηί
427 3115 460 3192 ἐς
475 3121 599 3201 Δῆλον.
626 3117 682 3180 καί
697 3110 836 3180 ἀπίκατο
856 3108 923 3195 γάρ
942 3134 1036 3194 τηνι·

33 3213 141 3277 καῦτα
154 3210 189 3274 οί
200 3207 322 3295 Δήλιοι
339 3207 445 3278 ὀπίσω
459 3213 492 3290 ἐς
508 3208 570 3297 την
584 3216 707 3297 νῆσον,
725 3210 940 3276 κατατίθεταί
952 3231 991 3273 τε
1005 3207 1037 3280 ἐς

32 3304 70 3373 τὸ
86 3301 162 3392 ίρόυ
177 3302 215 3372 τό
231 3304 379 3394 άμαλμα,
399 3309 455 3375 καὶ
470 3311 653 3376 ἐντέλλεται
672 3320 757 3374 τοῖσι
772 3311 928 3391 Δηλίοισι
948 3301 1036 3370 άπα-

32 3416 149 3490 μαγείν
162 3401 199 3470 τό
217 3401 348 3492 άμαλμα
363 3405 396 3484 ἐς
409 3404 539 3492 Δήλιον
555 3402 592 3472 τό
608 3412 781 3492 Θηβαίων·
804 3400 842 3470 τό
853 3399 886 3469 0²
903 3404 971 3470 ἐστὶ
984 3401 1035 3469 ἐπί
