2378 3840
146 195 187 260 16
516 194 769 253 HERODOTI

144 356 291 445 σταγόρῃ
305 359 594 442 προσαναισίμωτο
608 354 734 437 πολλά,
755 357 816 419 τοῦ
832 351 978 431 πλεῦνός
990 378 1027 419 τε
1041 353 1143 421 ἐδέετο
1169 352 1172 357 ⁴

143 455 164 544 ή
180 461 373 542 πολιορκίη,
394 457 543 522 ἐνθαῦτα
559 458 665 539 τείχεα
684 465 770 519 τοῖσι
784 449 914 536 φυγάσι
928 457 998 517 τῶν
1011 453 1144 531 Ναξίαν
1185 480 1187 493 ¹

143 555 423 642 οἰκοδομήσαντες
442 549 696 620 ἀπαλλάσσοντο
717 552 752 629 ές
768 547 832 635 τὴν
850 546 1009 636 ἤπειρον,
1039 555 1143 628 κακός
1185 585 1187 616 ι

92 672 126 727 ³5
144 655 358 743 πρήσσοντες.
399 649 634 738 Ἀρισταγόρης
655 649 692 717 δὲ
713 646 776 716 ούκ
799 647 864 735 εἶχε
882 646 946 734 τὴν
965 645 1144 734 ὑπόσχεσιν
1186 681 1187 713 ι

142 760 188 845 τῷ
207 749 427 839 Ἀρταφέρνετ
451 751 630 818 ἐκτελέσω·
671 748 740 836 άμα
751 751 789 816 δὲ
799 751 905 830 ἐπίεζέ
911 747 1001 836 μινή
1013 749 1144 836 δαπάνῃ

142 857 201 938 τῆς
211 856 364 935 στρατιῆς
375 848 612 935 ἀπαιτεομένη,
628 844 780 936 α’ρράδεέ
789 874 825 916 τε
835 855 896 916 τοῦ
905 856 1052 936 στρατοῦ
1063 849 1145 936 πρή-

144 955 261 1031 ξαντος
274 954 384 1026 κακῶς
404 949 459 1015 καὶ
473 947 660 1037 Μεγαβάτῃ
682 951 958 1035 διαβεβλημένος,
980 948 1099 1016 ἐδόκεέ
1112 972 1145 1016 τε

140 1051 203 1138 τήν
217 1053 395 1138 βασιληίην
404 1055 462 1134 τῆς
472 1048 630 1136 Μιλήτου
641 1046 941 1136 ἀπαιρεθήσεσθαι.
965 1044 1145 1132 ἀρρωδέων

144 1149 181 1217 δέ
191 1148 322 1216 τούτων
333 1150 455 1213 ἕκαστα
465 1149 662 1234 ἐβουλεύετο
674 1145 872 1216 ἀπόστασιν·
891 1147 1075 1215 συνέπιπτε
1084 1144 1145 1234 γάρ

143 1251 198 1314 καὶ
221 1242 283 1311 τόν
302 1246 497 1330 ἐστιγμένον
521 1243 585 1332 τήν
607 1244 759 1332 κεφαλήν
783 1244 924 1332 ἀπῖχθαι
944 1248 981 1314 ἐκ
999 1246 1144 1314 Σούσων

142 1349 225 1429 παρ’
242 1340 409 1426 Ἱστιαίου,
422 1351 627 1428 σημαίνοντα
637 1342 840 1412 ἀπίστασθαι
850 1341 1072 1430 Ἀρισταγόρῃ
1082 1338 1143 1410 ἀπό

141 1443 302 1528 βασιλέος.
332 1437 351 1508 ὁ
376 1438 442 1526 γὰρ
459 1438 609 1520 Ἱστιαῖος
634 1443 841 1529 βουλόμενος
861 1449 909 1531 τῷ
928 1436 1144 1526 Ἀρισταγόρῃ

143 1544 287 1624 σημῆναι
304 1534 489 1624 ἀποστῆναι
511 1537 620 1617 άλλως
634 1539 697 1625 μέν
716 1536 872 1625 οὐδαμῶς
887 1537 951 1624 εἶχε
971 1535 1145 1624 ἀσφαλέως

142 1643 288 1723 σημήναι
303 1634 388 1705 ὥστε
407 1637 675 1723 φυλασσομένων
697 1644 766 1705 τῶν
780 1634 887 1723 ὁδῶν,
902 1633 921 1704 ὁ
934 1637 971 1702 δὲ
980 1641 1051 1701 τῶν
1065 1634 1143 1703 δού
1158 1662 1165 1703 ².

141 1743 212 1803 λων
230 1731 293 1801 τόν
319 1736 519 1802 πιστότατον
542 1734 754 1823 ἀποξυρήσας
778 1734 841 1821 τὴν
868 1734 1020 1824 κεφαλὴν
1044 1726 1167 1815 ἔστιξεΙΙ

140 1833 198 1901 καὶ
212 1828 366 1917 ἀνέμεινε
383 1828 555 1919 ἀναφῦναι
568 1832 628 1911 τάς
641 1841 762 1919 τρίχας.
785 1833 831 1915 άς
844 1839 882 1906 δὲ
897 1833 1076 1924 ἀνέφυσαν
1087 1833 1160 1902 τά-.

141 1954 254 2020 χιστα,
276 1930 449 2020 ἀπέπεμπε
469 1937 502 2013 ἐς
524 1941 680 2021 Μίλητον
703 1935 933 2021 ἐντειλάμενος
952 1931 1045 2022 αὐτῷ
1067 1931 1161 2025 ἄλλος

142 2035 204 2117 μὲν
225 2029 343 2118 οὐδὲν,
371 2031 474 2101 ἐπεάν
501 2035 537 2101 δὲ
559 2031 717 2120 ἀπίκηται
741 2037 775 2113 ές
795 2041 967 2120 Μίλητον,
995 2031 1161 2111 κελεύειν(Ι

137 2128 377 2218 Ἀρισταγόρην
399 2133 591 2220 ξυρήσαντά
607 2158 666 2218 μιν
685 2130 744 2210 τάς
763 2139 875 2218 τρίχας
898 2134 1096 2199 κατιδέσθαι
1114 2114 1155 2207 &sl

140 2226 204 2315 τήν
218 2229 385 2317 κεφαλήν·
407 2227 448 2296 τά
465 2232 502 2297 δὲ
516 2235 676 2316 στίγματα
693 2230 869 2317 ἐσήμαινε,
891 2225 937 2307 ὡς
957 2230 1013 2294 καὶ
1025 2225 1154 2319 πρότεξ

13 2372 27 2381 -
141 2329 205 2415 ρόν
217 2357 275 2416 μοι
289 2339 433 2418 εἴρηται,
449 2328 644 2398 ἀπόστασιν.
667 2338 771 2399 ταῦτα
787 2331 823 2399 δὲ
840 2327 1022 2405 ὁἹστιαῑος
1036 2328 1143 2395 ἐποίει

140 2425 321 2515 συμφορήν
334 2427 535 2514 ποιεύμενος
547 2430 697 2516 μεγάλην
709 2428 774 2516 τήν
787 2432 916 2497 έωυτοῦ
926 2423 1073 2512 κατοχὴν
1086 2423 1144 2512 τήν

140 2529 178 2594 έν
193 2525 374 2594 Σούσοισι·
396 2523 599 2606 ἀποστάσιος
616 2520 666 2594 ἀν
678 2531 856 2614 γινομένης
870 2525 997 2605 πολλάς
1011 2524 1079 2612 εἶχε
1093 2527 1143 2594 έλ-

139 2626 238 2700 πίδας
252 2623 455 2710 μετήσεσθαι
466 2625 519 2692 ἐπὶ
530 2625 725 2709 θάλασσαν,
739 2622 784 2711 μή
796 2624 834 2692 δὲ
842 2623 1010 2711 νεώτερόν
1023 2649 1058 2691 τι
1070 2648 1144 2692 ποι·

140 2724 241 2810 εύσης
252 2730 310 2809 τῆς
320 2724 478 2811 Μιλήτου
493 2722 625 2812 ούδαμά
640 2728 673 2803 ές
687 2722 794 2811 αύτήν
803 2722 898 2811 ήξειν
908 2729 957 2792 ἐτι
971 2725 1141 2809 έλογιζετο.

91 2838 126 2892 36
217 2818 368 2900 Ἱστιαῖος
392 2826 454 2908 μέν
480 2849 547 2890 νυν
573 2828 677 2889 ταῦτα
708 2821 948 2907 διανοεύμενος
973 2817 1142 2908 ἀπέπεμπε

138 2917 198 2987 τόν
215 2916 376 3004 ἀγγελον,
394 2916 612 3010 Ἀρισταγόρῃ
623 2924 660 2988 δὲ
671 2924 853 2988 συνέπιπτε
868 2927 930 2988 τοῦ
943 2918 1052 2986 αὐτοῦ
1067 2915 1141 3006 χρό-

138 3044 203 3086 νου
216 3018 326 3086 πάντα
340 3026 444 3087 ταῦτα
460 3019 680 3088 συνελθόντα.
703 3019 900 3106 ἐβουλεύετο
919 3010 967 3086 όν
980 3014 1067 3103 μετά
1079 3023 1141 3086 τόν

138 3116 364 3202 στασιωτέων,
392 3117 539 3205 ἐκφήνας
562 3117 624 3204 τήν
651 3142 688 3184 τε
711 3120 839 3186 ἑωυτοῦ
862 3117 1003 3204 γνάμην
1024 3120 1083 3186 καὶ
1104 3110 1140 3183 τά

137 3210 228 3299 παρά
248 3220 309 3281 τοῦ
324 3213 480 3283 Ἱστιαίου
499 3213 674 3302 ἀπιγμένα.
704 3221 740 3285 οί
759 3218 823 3304 μὲν
844 3213 886 3304 δή
907 3214 1003 3285 ἄλλοι
1023 3218 1140 3292 πάντες

137 3311 276 3400 γνάμην
301 3311 385 3381 κατά
412 3311 520 3382 τώυτὸ
545 3318 759 3403 ἐξεφέροντο,
783 3315 978 3395 κελεύοντες
1004 3315 1138 3389 ἀπίστατ

138 3418 234 3490 σθαι,
252 3409 422 3492 Ἑκαταῖος
432 3414 469 3482 δὲ
480 3411 499 3481 ὁ
510 3411 689 3501 λογοποιὸς
702 3421 817 3501 πρῶτα
831 3415 894 3500 μὲν
908 3412 973 3481 οὐκ
989 3419 1030 3482 έα
1042 3413 1141 3485 πόλν“
