2378 3840
220 169 222 173 ⁴
334 202 419 261 ιιο.
452 200 498 258 1x.
529 202 631 260 οπο.
665 205 804 264 ισ--ιε
1012 207 1075 270 κοε

64 364 178 431 τώνέν
189 359 401 448 ἀνθρώποισι
412 357 508 445 αὕτη,
517 356 623 436 πολλὰ
636 365 824 446 φρονέοντα
833 370 977 451 μηδενὸς
988 393 1073 456 κρα-

67 469 161 536 τέειν.
188 470 300 532 Ταῦτα
315 463 377 549 μὲν
393 467 455 530 τοῦ
471 459 684 550 Ὀρχομενίου
698 464 917 550 Θερσάνδρου
931 463 1072 553 ἤκουον,

65 565 121 631 καί
141 560 222 629 τάδε
241 557 325 647 πρδς
344 558 509 645 τούτοισι,
535 556 580 638 ὥς
601 556 701 639 αὐτὸς
721 559 839 630 αὐτίκα
856 567 946 650 λέγοι
966 571 1071 632 ταῦτα

64 658 149 747 πρὸς
160 657 366 746 ἀνθρώπους
380 659 547 745 πρότερον
558 653 581 746 ἢ
591 658 750 743 γενέσθαι
762 662 800 728 ἐν
810 668 996 751 Πλαταιῇσι
1007 662 1072 751 την

65 761 183 847 μάχην.
206 761 407 845 Μαρδονίου
417 757 454 826 δὲ
469 761 1069 848 έντῇΒοιωτίηστρατοπεδευομένου
1084 785 1119 842 11

64 865 99 927 οί
111 859 172 945 μὲν
186 854 282 950 ἄλλοι
295 861 493 943 παρείχοντο
514 853 659 935 άπαυτες
679 855 837 944 στρατιὴν
856 861 911 928 καλ
928 865 1070 930 συνεσέ-

63 965 170 1044 βαλον
181 956 214 1033 ές
225 952 380 1042 Ἀθήνας,
392 949 530 1040 ὅσοιπερ
544 953 698 1041 ἐμήδιζον
705 950 873 1040 Ἑλλήνων
884 963 951 1024 τῶν
963 959 1070 1046 ταάτη

64 1055 263 1138 οἰκημένων,
273 1057 397 1137 μοῦνοι
409 1053 446 1118 δὲ
457 1054 589 1130 Φωκέες
599 1049 641 1119 οὐ
653 1053 895 1138 συνεσέβαλον·
912 1055 1068 1141 ἐμήδιζον

62 1149 128 1236 γάρ
140 1148 180 1237 δη
188 1148 320 1237 σφόδρα
330 1141 485 1216 καὶοῦτοι
497 1146 559 1216 οὐκ
572 1148 712 1232 ἑκόντες,
720 1145 862 1218 ἀλλ’ὑπ’
871 1145 1064 1238 ἀναγκαίης.

62 1246 202 1337 ἡμέρῃσι
225 1248 262 1315 δὲ
279 1244 320 1315 οὐ
342 1254 482 1336 πολλῇσι
504 1243 585 1332 μετά
607 1244 670 1334 τὴν
692 1243 805 1327 ἄπιξιν
821 1245 883 1335 την
903 1253 936 1328 ἐς
952 1250 1068 1338 Θήβας

62 1347 205 1431 ὕστερον
214 1337 325 1433 ἦλθον
336 1340 448 1411 αάτάν
459 1340 589 1412 ὁπλῖται
599 1351 712 1430 χίλιοι·
734 1338 796 1432 ἦγε
808 1349 844 1414 δὲ
853 1343 977 1426 αὐτοὺς
987 1345 1046 1432 Ἀρ

61 1444 210 1533 μοκάδης
226 1439 312 1530 ἀνὴρ
325 1449 393 1510 τῶν
407 1440 517 1510 άστοδν
533 1442 764 1528 δοκιμώτατος.
788 1447 857 1512 ἐπεὶ
873 1447 908 1512 δὲ
924 1443 1066 1513 ἀπίκατο

60 1547 117 1612 καὶ
128 1535 222 1610 οὗτοι
234 1544 267 1620 ές
273 1539 397 1629 Θήβας,
408 1544 537 1627 πέμψας
548 1538 566 1610 ὁ
577 1540 774 1626 Μαρδόνιος
784 1544 901 1620 ίππέας
913 1543 1067 1610 ἐκέλευσέ

61 1662 167 1727 σφεας
182 1637 233 1706 ἐπ’
252 1641 387 1707 ἑωυτῶν
402 1641 439 1706 έν
453 1646 498 1728 τῷ
513 1642 616 1729 πεδίῳ
630 1641 769 1718 ἵξεσθαι.
793 1635 838 1717 ὡς
852 1638 888 1706 δὲ
904 1641 1066 1725 ἐποίησαν

61 1744 176 1821 ταῦτα,
188 1732 307 1802 αὐτίκα
319 1732 460 1822 παρίηυὴ
471 1739 573 1814 ἵππος
582 1734 705 1820 ἅπασα,
721 1733 802 1821 μετὰ
814 1737 963 1804 δὲταῦτα
975 1742 1066 1817 διεξ-

58 1843 147 1922 ῆλθε
161 1831 223 1919 μὲν
237 1830 293 1900 διά
308 1839 370 1900 τοῦ
383 1835 611 1918 στρατοπέδου
627 1839 687 1900 τοῦ
696 1829 893 1918 Ἑλληνικοῦ
907 1841 967 1902 τοῦ
981 1834 1065 1919 μετά

65 1924 194 2018 Μήδων
209 1928 321 2009 ἐόντος
335 1929 429 2018 φήμη
442 1927 486 2009 ὡς
496 1930 721 1998 κατακοντιέει
732 1933 847 2017 σφέας,
862 1935 1016 2019 διεξῆλθε
1027 1931 1066 2000 δὲ

60 2029 105 2099 δι’
124 2027 235 2097 οιάτοδυ
250 2032 397 2097 Φωκέων
413 2025 519 2097 τάυτδ
535 2035 642 2097 τοῦτο.
665 2033 751 2097 ἔνθα
764 2030 807 2117 δή
818 2049 879 2117 σφι
890 2027 907 2098 ὁ
920 2050 1064 2118 στρατη-

60 2126 119 2214 γὸς
128 2125 336 2214 Ἁρμοκύδης
346 2133 504 2214 παραίνεε
515 2128 621 2213 λέγων
632 2126 760 2194 τοιάδε·
776 2121 964 2215 ὮΦωκέες,
976 2129 1064 2214 πρό-

59 2233 143 2312 δηλα
158 2223 240 2311 γάρ,
259 2225 310 2293 ὅτι
322 2223 424 2312 ἡμέας
440 2218 535 2293 οὗτοι
556 2229 590 2293 οδ
602 2223 779 2309 άνθρωποι
799 2229 956 2312 μέλλουσι
977 2251 1063 2312 προ·
1155 2265 1157 2271 ¹

54 2327 150 2414 δπτῳ
171 2324 310 2414 θανάτῳ
331 2324 469 2408 δάσειυ,
491 2327 773 2411 διαβεβλημένους
788 2323 854 2395 ὑπὸ
869 2331 1062 2411 Θεσσαλων,

60 2419 322 2507 άςέγοδείκάζω,
357 2426 426 2490 νάν
444 2419 552 2511 ἄνδρα
574 2423 682 2493 πάντα
707 2423 782 2493 τιυά
806 2422 921 2511 ὑμέων
952 2424 1063 2512 χρεοάν

60 2523 128 2586 ἐστι
150 2519 310 2602 γενέσθαι
331 2515 474 2604 ἀγαθόν.
507 2524 650 2603 κρέσσον
669 2517 735 2606 γάρ
755 2521 934 2601 ποιεῦντάς
954 2548 985 2589 τι
1005 2525 1061 2589 καλ

56 2613 292 2699 ἀμυνομένους
311 2620 503 2702 τελευτῆσαι
524 2611 584 2682 τὸν
602 2622 726 2699 αἰῶνα,
752 2613 836 2704 ἥπερ
857 2619 1062 2706 παρέχοντας

57 2717 290 2797 διαφθαρῆναι
301 2717 454 2802 αίσχίστῳ
466 2712 568 2803 μόρῳ.
584 2709 668 2780 ἀλλά
679 2715 814 2798 μαθέτω
825 2741 874 2794 τις
884 2713 997 2784 αὐτῶν
1008 2713 1060 2784 ὅτι

58 2808 169 2885 ἐόντες
182 2807 347 2896 βάρβαροι
362 2806 414 2876 ἐπ’
422 2807 556 2896 Ἕλλησι
571 2805 712 2896 ἀνδράσι
724 2809 833 2896 φόνον
844 2816 1002 2898 ἔρραψαν.
1021 2811 1058 2881 Ὁ
1074 2824 1110 2882 18

56 2909 119 2993 μὲν
135 2899 184 2974 ἀν
198 2914 302 2975 ταῦτα
316 2914 486 2995 παραίνεε,
504 2912 539 2976 οί
550 2905 587 2975 δὲ
600 2911 712 2987 ἱππέες
735 2909 842 2978 ἐπείτε
858 2928 962 2994 σφεας
980 2912 1060 2978 ἐκυ-

57 3006 247 3092 κλώσαντο,
274 3007 466 3094 ἐπήλαυνον
487 3002 531 3085 ὡς
555 3003 774 3092 ἀπολέοντες,
799 3007 855 3076 καὶ
879 3005 919 3093 δὴ
940 3012 1060 3076 διετεί-

58 3128 156 3171 νοντο
168 3100 208 3171 τά
219 3107 317 3192 βέλεα
331 3102 377 3184 ὡς
387 3104 581 3193 ἀπήσοντες,
597 3113 655 3174 καί
666 3105 730 3174 κοά
740 3131 789 3185 τις
800 3109 855 3174 καί
866 3103 980 3193 ἀπῆκε.
1003 3110 1060 3176 καὶ

55 3205 92 3269 οί
104 3198 211 3268 ἀντίοι
227 3205 379 3291 ἕστασαν,
395 3204 505 3292 πάντη
516 3204 915 3291 συστρέψαντεςάωυτοδς
926 3210 980 3274 καὶ
991 3230 1060 3276 πυ-

56 3300 246 3378 κνώσαντες
261 3296 306 3380 άς
316 3302 467 3388 μάλιστα.
491 3305 640 3372 ἐνθαῦτα
653 3309 688 3372 ολ
699 3302 836 3373 ίππδται
846 3301 1057 3394 ὑπέστρεφον

55 3401 109 3467 καλ
125 3394 323 3485 ἀπήλαυνον
339 3398 453 3471 ὀπίσω.
476 3399 539 3472 οάκ
557 3407 619 3488 ίχω
634 3399 666 3470 δ’
685 3400 847 3490 ἀτρεκέως
861 3407 966 3474 είπείν
980 3401 1060 3472 οὔτε
