2378 3840
230 216 314 273 ιΙΒ.
341 213 388 270 m
420 211 518 270 σου.
551 215 727 271 111-117.
915 205 978 271 34³

52 373 185 460 Σηστὸν
199 372 342 458 ταύτην,
357 368 402 448 ὡς
416 368 528 446 ἐόντος
543 367 762 452 ἰσχυροτάτου
774 373 895 453 τείχεος
909 375 978 434 τῶν

36 474 94 562 ἷτη,
116 478 307 556 συνῆλθον,
329 467 374 545 ὡς
390 464 541 554 ἤκουσαν
557 480 711 551 παρεῖναι
725 465 804 545 τούς
817 464 977 551 Ἕλληνας

36 570 81 638 τόν
89 569 350 655 Ἑλλήσποντον,
365 573 402 635 ἐκ
416 592 451 634 τε
466 572 534 633 τῶν
544 563 656 634 άλλων
670 572 737 633 τῶν
751 569 976 654 περιοικίδων,

45 667 85 754 δη
101 671 155 735 καί
169 670 206 735 ἐκ
223 671 371 752 Καρδίης
384 664 500 743 πόλιος
515 663 675 750 Οἰόβαζος
688 663 775 752 άνηρ
786 667 926 753 Πέρσης,
942 661 979 743 ὃς

36 771 67 834 ἐκ
81 773 150 832 τῶν
164 768 340 853 γεφυρέων
354 762 442 832 ὅπλα
453 764 603 831 ἐνθαῦτα
615 756 659 848 ἦν
674 763 865 848 κεκομικώς.
890 763 978 850 εἶχον

36 863 153 948 ιαότην
169 863 339 948 ἐπιχάριοι
350 863 496 945 Αίολέες,
513 865 665 945 συνῆσαν
681 861 718 928 δὲ
733 861 860 948 Πέρσαι
873 886 909 930 τε
922 864 978 928 καί

36 960 175 1029 ιάλλων
196 960 379 1047 συμμάχων
398 956 520 1044 συχνός
541 956 664 1044 ὅμιλος.
703 956 920 1046 Ἐτυράννενε
941 959 978 1026 δὲ
997 969 1045 1022 116

37 1084 98 1126 τον
111 1067 172 1127 τοῦ
182 1065 291 1145 νομοῦ
300 1063 428 1143 Ξέρξεω
439 1055 587 1144 ὕπαρχος
597 1054 805 1144 Ἀρταΰκτης,
818 1056 904 1144 ἀνὴρ
915 1059 977 1145 μὲν

36 1176 122 1242 ισης,
138 1154 249 1234 δεινός
263 1159 300 1224 δὲ
314 1159 369 1223 καὶ
384 1153 589 1238 ἀτάσθαλος,
605 1149 642 1231 ὃς
656 1158 711 1222 καί
724 1158 860 1242 βασιλέα
877 1155 978 1224 ἐλαύ-

36 1283 79 1324 τα
93 1255 144 1325 ἐπ’
164 1254 308 1342 Ἀθήνας
322 1254 520 1342 ἐξηπάτησε,
537 1253 577 1320 τά
587 1260 804 1341 Πρωτεσίλεω
818 1252 978 1341 τοῦ.Ἰφί-

39 1381 60 1420 υ
74 1352 223 1470 χρηματα
237 1351 290 1433 ἐξ’
284 1358 490 1429 Ελαιοῦντος
500 1349 718 1442 ὑπελόμενος.
743 1350 833 1420 ἐν
794 1378 858 1439 γαρ
870 1349 977 1420 Ἐλάι-

36 1478 72 1518 τι
93 1457 151 1536 τῆς
170 1451 389 1570 Χερσονήσου
416 1451 483 1517 ἐστὶ
502 1455 720 1536 Πρωτεσίλεω
739 1451 844 1537 τάφος
864 1476 900 1520 τε
922 1452 978 1518 καὶ

36 1572 110 1623 ενος
124 1545 255 1630 περὶ’
213 1533 328 1632 αυτόν,
343 1537 465 1614 ἔνθα
442 1571 486 1632 ην
502 1570 652 1631 χρηματα
667 1543 774 1617 πολλά
789 1551 844 1616 καί
859 1548 977 1634 φιάλαι

36 1662 113 1710 σεαι
125 1641 209 1711 καὶ’
191 1643 357 1729 αργόρεαι
362 1645 417 1710 καὶ
426 1639 547 1728 χαλκός
556 1642 637 1709 καδέ
621 1639 723 1727 ἐσθὴς
733 1646 788 1711 καί
796 1643 912 1714 άλλα’
892 1671 977 1713 ανα-

36 1730 122 1824 ιατά,
137 1738 177 1806 τά
188 1737 389 1825 Ἀρταΰκτης
403 1739 545 1824 ἐσύλησε
555 1745 708 1825 βασιλέος
720 1741 846 1820 δόντος.
869 1746 977 1829 λέγων

36 1835 139 1904 τοιάδε
149 1837 231 1922 ,Ξέρξ
233 1862 275 1921 ην
286 1835 475 1922 διεβάλετο·
507 1836 661 1919 δέσποτα,
678 1840 746 1903 ἐστι
757 1836 980 1927 οἶκοςάνδρὸς

36 1941 140 2020 ληνος
154 1929 360 2019 ἐνθαῦτα,“
340 1958 377 2010 ος
391 1933 444 1998 ἐπὶ
462 1956 528 2017 νην
542 1956 604 2016 την
618 1928 681 2018 σην
696 1936 980 2022 στρατευσάμενος

36 2058 71 2118 ης
85 2031 233 2118 κυρήσας
246 2027 405 2098 ἀπέθανε.
439 2028 563 2096 τούτου
578 2053 635 2113 μοι
650 2026 708 2106 δὸς
722 2027 783 2098 τὸν
797 2029 908 2120 οέκον,
922 2037 980 2102 ἵνα

47 2157 96 2208 τις
110 2130 205 2219 βάθη
220 2131 272 2198 ἐπὶ
286 2136 351 2217 γῆν
365 2127 427 2215 τὴν
442 2125 506 2215 σὴν
522 2125 566 2213 μη
581 2127 830 2210 στρατεύεσθαι.
868 2138 979 2199 Ταῦτα

37 2256 84 2298 ων
96 2227 256 2308 εὐπετέως
268 2234 384 2313 ἔμελλε
394 2225 587 2295 ἀναπείσειν
593 2227 720 2310 Ξέρξην
726 2229 844 2294 δοῦναι
857 2224 980 2315 ἀνδρὸς

36 2353 89 2411 ον,
111 2324 212 2393 οὐδὲν
233 2323 492 2411 ὑποτοπηθέντα
511 2329 578 2390 τῶν
600 2325 726 2400 ἐκεῖνος
745 2325 894 2410 ἐφρόνεε.
927 2327 980 2392 ἐπὶ

36 2453 42 2480 ι
63 2427 99 2492 δὲ
117 2422 180 2511 τὴν
201 2427 354 2511 βασιλέος
375 2421 616 2507 στρατεύεσθαι
629 2426 868 2506 Πρωτεσίλεων
889 2429 980 2510 ἔλεγε

36 2525 85 2589 ’ων
99 2522 227 2590 τοιάδε·
248 2520 311 2608 τὴν
321 2520 434 2608 Ἀσίην
445 2527 556 2588 πάσαν
566 2525 737 2605 νομίζουσι
749 2524 882 2588 ἑωυτῶν
895 2521 980 2589 εἶναι

36 2639 105 2705 ρσαι
120 2623 174 2687 καὶ
188 2626 250 2687 τοῦ
260 2622 323 2688 αίελ
334 2614 580 2707 βασιλεύοντος.
603 2618 673 2684 ἐπεί
684 2617 720 2684 δέ
729 2616 833 2703 ἐδόθη
849 2616 888 2685 τά
899 2617 972 2704 χρη-

36 2743 81 2800 za,
98 2719 131 2794 ἐξ
142 2714 351 2792 Ἐλαιοῦντος
366 2717 399 2792 ἐς
412 2709 548 2799 Σηστόν
562 2713 752 2798 ἐξεφόρησε,
768 2718 823 2783 καὶ
835 2714 873 2784 τό
885 2720 971 2803 τέμε·

36 2851 37 2855 ’
47 2821 177 2899 ἔσπειρε
188 2816 243 2882 καὶ
254 2817 398 2901 ἐνέμετο,
410 2810 511 2889 αὐτός
521 2836 557 2878 τε
567 2810 655 2890 ὅκως
666 2808 817 2881 ἀπίκοιτο
829 2815 862 2892 ἐς
873 2811 979 2882 Ἐλαι-

36 2939 98 2996 ιτα,
113 2914 151 2978 ἐν
164 2918 210 3002 τῷ
226 2908 337 3003 άδότφ
354 2913 486 2997 γυναιξὶ
501 2913 660 2995 ἐμίσγετο.
686 2909 761 2977 τότε
776 2912 812 2980 δέ
826 2914 981 2998 ἐπολιορ-

36 3035 68 3077 ιο
83 3006 150 3078 ὑπὸ
169 3007 359 3095 Ἀθηναίων
373 3007 451 3076 οὔτε
464 3007 775 3092 παρεσκευασμένος
794 3008 828 3082 ἐς
842 3014 983 3088 πολιορ·

36 3132 55 3172 ν
69 3105 146 3175 οὔτε
166 3107 432 3194 προσδεκόμενος
446 3102 526 3181 τούς
537 3100 713 3189 Ἕλληνας·
746 3100 928 3195 ἀφυλάκτῳ
945 3109 986 3172 δέ

36 3204 147 3296 ςαότῷ
162 3210 332 3277 ἐπέπεσον.
356 3205 443 3277 Ἐπεὶ
458 3208 494 3273 δέ
505 3206 815 3290 πολιορκεομένοισί
823 3222 883 3289 σφι
896 3213 980 3288 φθι-
999 3203 1048 3258 117

36 3330 136 3390 ιωρον
156 3305 341 3394 ἐπεγίνετο,
363 3305 529 3395 ἤσχαλλον
545 3307 580 3371 οί
596 3300 769 3389 Ἀθηναῖοι
789 3298 857 3371 άπό
871 3329 907 3371 τε
924 3309 981 3389 τῆς

912 3528 1034 3608 ff
