2378 3840
304 201 390 287 ιιΒ.
421 201 469 256 lx.
502 202 601 257 οΑΡ.
637 205 828 293 ιιι--ιω,Ι
1008 195 1071 259 345

71 367 199 428 νεσθαι.
228 365 295 426 νύν
308 350 360 424 ύν
379 355 503 424 ἄποινά
526 359 560 423 οἱ
572 354 652 424 τάδε
667 359 774 423 έθόλω
791 358 973 440 ἐπιθεῖναι,
995 352 1069 425 ἀντὶ

69 456 133 541 μὲν
143 455 320 541 χρημάτων
331 459 400 520 τῶν
413 458 535 539 ἔλαβον
544 454 587 520 έκ
597 459 662 520 τοῦ
676 455 770 540 ἱροῦ,
787 450 911 520 έκατόν
924 452 1069 519 τάλαντα

69 553 265 619 καταθεῖναι
284 556 331 640 τῷ
350 557 438 640 θεῷ,
457 546 580 618 ἀντλ.δ’
603 552 772 636 έμεωυτού
792 553 848 618 καλ
862 557 929 618 τού
950 547 1070 627 παιδὸς

68 646 233 718 ἀποδώσω
261 645 406 714 τάλαντα
436 645 589 732 ύιηωόσια
618 644 826 732 Ἀθηναίοισι
852 645 1067 734 περιγενόμε-

67 774 134 826 νος.
186 751 297 813 Ταύτα
321 741 543 830 ὑπισχόμενος
568 740 628 812 τόν
653 741 839 831 στρατηγόν
868 745 1070 822 Ξάνθιππον

68 839 132 911 ούκ
152 847 274 910 ἔπειθε.
301 845 344 909 ὀί
360 839 426 928 γάρ
448 837 647 908 Ἐλαιούσιοι
670 847 715 931 τῷ
729 847 945 932 Πρωτεσίλεῳ
966 864 1071 925 τιμω-

67 942 200 1023 ρέοντες
211 937 342 1006 έόέοντό
353 964 411 1024 μιν
422 944 704 1024 καταχρησθῆναι,
715 939 770 1004 καλ
781 934 886 1005 αύτοῦ
896 944 957 1004 τοῦ
968 957 1070 1024 στρα-

66 1042 172 1122 τηγοῦ
190 1035 294 1123 ταύτη
316 1031 334 1102 ό
357 1033 436 1113 νόος
458 1040 565 1121 έφερε.
600 1031 827 1120 ἀπαγαγόντες
852 1034 888 1102 δέ
909 1032 1013 1103 αύτόν
1037 1038 1070 1113 ἐς

67 1131 130 1219 τὴν
151 1127 255 1217 ἀκτὴν
275 1133 308 1210 ές
327 1128 390 1217 τὴν
409 1133 531 1219 Ξέρξης
552 1136 658 1213 ἔζευξε
678 1127 739 1199 τόν
755 1128 879 1218 πόρον,
905 1136 939 1200 os
958 1132 994 1199 δέ
1014 1133 1070 1200 λέ-

67 1248 166 1316 γουσι
184 1231 237 1296 ἐπὶ
250 1226 311 1298 τόν
325 1226 478 1298 κολωνόν
494 1227 555 1296 τόν
569 1226 653 1313 ὑπὲρ
668 1227 836 1295 Μαδύτου
850 1226 982 1314 πόλιος,
1008 1246 1070 1296 σα·
1144 1245 1146 1250 ’

68 1335 145 1398 νίύα
165 1328 540 1414 προσπασσαλεύσαντες
560 1323 808 1415 ἀνεκρέμασαν,
828 1322 889 1394 τόν
910 1326 947 1395 δὲ
968 1329 1070 1394 παίόα

67 1429 105 1496 έν
122 1425 326 1514 ὀφθαλμοῖσι
347 1432 409 1494 τοῦ
428 1423 633 1514 Ἀρταύκτεω
654 1425 865 1493 κατέλευσαν.
907 1428 1018 1490 Ταῦτα
1034 1423 1070 1492 δέ
1088 1439 1134 1498 123

67 1522 264 1609 ποιήσαντες
283 1519 463 1608 ἀπέπλωον
476 1525 509 1601 ές
523 1519 585 1608 τὴν
601 1520 758 1608 Ἐλλάδα,
779 1520 820 1588 τά
834 1545 870 1589 τε
886 1520 971 1589 ἀλλα
988 1521 1070 1608 χρή-

67 1645 153 1706 ματα
168 1616 305 1704 ἀγοντες
319 1623 374 1686 καὶ
385 1617 425 1706 δὴ
439 1622 494 1687 καὶ
507 1617 547 1687 τά
559 1618 645 1688 ὅπλα
659 1627 727 1687 τῶν
739 1623 916 1707 γεφυρέων
931 1615 975 1698 ὡς
985 1617 1068 1686 ἀνα-

68 1715 231 1802 θήσοντες
252 1718 285 1794 ές
298 1713 339 1782 τὰ
359 1717 426 1802 ίρά.
457 1719 512 1784 καλ
533 1714 617 1783 κατά
639 1713 676 1783 τό
696 1721 768 1794 ἔτος
786 1722 884 1783 τοῦτο
904 1712 1006 1784 οὐδὲν
1022 1720 1068 1783 ἔτι

68 1813 172 1880 πλέον
185 1811 314 1879 τούτων
330 1814 468 1898 ἐγένετο.

47 1988 49 1993 ,
156 1907 287 1976 Τούτου
312 1907 348 1976 δέ
374 1907 653 1996 τούἈρταύκτεω
672 1916 734 1978 τοῦ
757 1908 1069 1998 ἀνακρεμασθέντος
1087 1931 1137 1983 m

70 2006 250 2092 προπάτωρ
263 2002 486 2095 Ἀρτεμβάρης
496 2009 563 2076 ἐστὶ
575 2004 747 2095 ὁΠέρσησι
758 2007 1000 2095 ἐξηγησάμενος
1010 2005 1070 2075 λό-

68 2133 148 2196 γον,
172 2103 232 2174 τόν
245 2109 367 2176 ἐκεῖνοι
387 2106 615 2194 ὑπολαβόντες
628 2107 732 2198 Κύρῳ
751 2107 993 2196 προσήνεικαν,
1014 2109 1070 2177 λε’-

68 2229 171 2292 γοντα
189 2202 283 2273 τάδε·
310 2201 397 2273 Ἐπεὶ
413 2203 499 2284 Ζεύς
512 2205 661 2293 Πέρσησι
680 2201 862 2291 ἡγεμονίην
879 2209 982 2289 διδοῖ,
1007 2201 1069 2271 ἀν-

68 2310 159 2385 δρῶν
174 2301 210 2370 δὲ
225 2301 287 2385 σύ,
305 2298 415 2391 Κῦρε,
432 2302 580 2373 καιελύν
592 2302 791 2391 Ἀστυάγεα,
808 2307 905 2391 φέρε,
925 2301 990 2392 γῆν
1003 2302 1068 2391 γάρ

67 2395 573 2488 κεκτήμεθαόλίγηνκαὶταύτην
587 2403 739 2488 τρηχέαν,
757 2400 1019 2487 μεταναστάντες
1033 2404 1069 2469 έκ

69 2493 191 2579 ταύτης
205 2493 309 2580 ἀλλην
325 2502 450 2584 ἔχωμεν
464 2494 598 2583 ἀμείνω.
629 2500 691 2565 εἰσί
706 2497 743 2566 δέ
755 2499 876 2566 πολλαὶ
889 2500 951 2584 μέν
966 2495 1069 2564 ἀστν-

68 2601 230 2682 γείτονες,
260 2599 379 2666 πολλαὶ
404 2600 441 2666 δὲ
466 2600 521 2666 καὶ
541 2599 721 2682 ἑκαστέρω,
747 2604 815 2665 τῶν
838 2603 918 2683 μίαν
935 2595 1069 2683 σχόντες
1138 2682 1142 2690 .

68 2696 185 2762 πλέοσι
199 2695 345 2780 ἐσόμεθα
359 2696 641 2782 θωυμαστότεροι.
672 2693 762 2774 οίκὸς
777 2695 813 2764 δὲ
827 2695 990 2781 ἀρχοντας
1007 2694 1070 2764 ἀν-

69 2798 152 2878 δρας
164 2799 302 2860 τοιαῦτα
319 2793 455 2862 ποιέειν.
479 2792 556 2862 κότε
570 2791 635 2879 γάρ
650 2790 691 2879 δὴ
707 2796 761 2861 καὶ
776 2796 910 2878 παρέξει
930 2795 1069 2863 κάλλιον

67 2887 89 2979 ἢ
106 2889 160 2959 ὅτε
180 2917 220 2978 γε
238 2887 433 2977 ἀνθρώπων
452 2917 488 2960 τε
510 2898 645 2961 πολλῶν
666 2889 811 2978 ἀρχομεν
831 2890 939 2977 πάσης
957 2917 994 2958 τε
1013 2898 1072 2977 τῆς

66 2987 188 3075 Ἀσίηςς
216 2995 331 3074 Κύρος
346 2988 383 3057 σε
402 2997 504 3057 ταῦτα
520 2987 670 3069 ἀκούσας
684 2991 739 3057 καὶ
754 2986 797 3057 ού
809 2989 995 3075 θωνμάσας
1009 2987 1070 3058 τόν

69 3086 172 3172 λόγον
186 3091 317 3157 ἐκέλευε
334 3091 460 3157 ποιέειν
474 3097 595 3177 ταῦτα,
612 3087 754 3157 ούτωύὲ
768 3084 896 3155 αύτοίσι
911 3092 1069 3171 παραίνεε

68 3183 217 3251 κελεύων
226 3184 537 3270 παρασκευάζεσθαι
549 3183 593 3265 ὥς
608 3183 719 3253 ούκέτι
735 3183 905 3272 ἀρξοντας,
920 3181 994 3254 ἀλλ’
1007 3181 1071 3271 ἀρ-

69 3279 244 3364 ξομένους·
273 3285 402 3365 φιλέειν
420 3277 485 3369 γάρ
506 3285 541 3350 ἐκ
554 3291 623 3351 τῶν
644 3288 803 3369 μαλακῶν
823 3281 942 3368 χύρων
962 3288 1071 3368 μαλα-

1041 3586 1114 3599 ..fl-.-
