2378 3840
63 148 65 155 ’
134 183 197 248 212
507 185 759 244 εκοοοοτι

63 343 65 428 j
134 344 196 430 μὲν
211 341 252 410 ού
265 339 303 410 τό
319 343 559 429 στρατόπεδον·
587 340 667 423 τούς
686 341 751 429 γάρ
767 348 831 410 ἔσω
844 347 1065 432 τεταγμένους
1079 350 1144 411 τοῦ

63 439 65 451 '
134 447 272 528 τείχεος,
294 439 330 510 τό
349 439 607 526 ἀνορθώσαντες
627 439 715 527 είχον
732 442 769 508 έν
784 448 936 532 φυλακῇ,
957 439 1020 510 ούκ
1036 437 1090 510 οἷά
1105 466 1142 510 τε

134 533 178 626 ἦν
193 540 403 608 κατιδέσθαι·
426 537 444 609 ὁ
463 543 500 609 δὲ
516 539 595 618 τούς
611 545 672 619 ἔξω
688 538 876 625 ἐμάνθανε,
896 553 982 608 τοῖσι
997 536 1061 625 πρὸ
1078 544 1142 606 τού

134 645 256 723 τείχεος
266 636 306 706 τά
322 639 409 707 όπλα
420 641 536 708 έκέετο.
554 645 672 724 έτνχον
684 637 720 704 δέ
730 643 852 704 τοῦτον
862 632 923 704 τόν
933 636 1058 722 χρόνον
1069 644 1143 703 Λα-

136 737 343 821 κεδαιμόνιοι
357 740 417 817 ἔξω
432 740 635 824 τεταγμένοι.
658 730 739 814 τούς
752 736 814 820 μὲν
830 731 870 821 δὴ
887 733 957 821 ἀέρα
973 739 1103 821 μυμναζ
1123 772 1142 784 -

136 834 258 919 μένους
276 841 344 901 τῶν
361 832 514 922 ἀνδρῶν,
536 832 615 914 τούς
629 834 666 902 δὲ
686 831 745 911 τάς
759 832 865 918 κόμας
878 835 1140 918 κτενιζομένους.

135 937 239 997 ταῦτα
255 927 295 1016 δὴ
312 928 499 1018 θηεύμενος
525 928 672 1017 ἐθώμαζε
690 934 745 998 καὶ
759 926 796 997 τό
812 934 943 1016 πλῆθος
958 929 1140 1016 ἐμάνθανε.

136 1025 258 1113 μαθών
276 1031 312 1096 δὲ
333 1030 442 1098 πάντα
459 1029 621 1116 ἀτρεκέως
642 1028 816 1116 ἀπήλαυνε
836 1024 942 1096 ὀπίσω
963 1026 1035 1095 κατ’
1054 1025 1142 1112 ησυ-

135 1131 226 1211 χίην
249 1123 326 1193 οὔτε
340 1127 405 1213 γάρ
423 1154 471 1207 τις
496 1129 614 1195 έόίωκε
642 1124 778 1212 ἀλογίης
792 1151 827 1193 τε
843 1125 984 1213 έκύρησε
998 1131 1141 1210 πολλῆς

137 1221 298 1290 ἀπελθών
319 1224 355 1292 δὲ
376 1230 468 1312 ἔλεγε
488 1225 573 1313 πρὸς
589 1227 711 1313 ,Ξέρξεα
741 1222 845 1310 τάπερ
871 1220 1004 1290 ὀπώπεε
1020 1222 1140 1289 πάντα.

69 1343 120 1398 209
133 1320 282 1392 Ἀκούων
297 1325 333 1393 δὲ
343 1327 467 1413 Ξέρξης
477 1325 541 1394 οὐκ
556 1325 621 1414 εἶχε
631 1325 863 1411 συμβαλέσθαι
876 1320 913 1390 τό
928 1324 996 1408 έόν,
1013 1319 1064 1388 ότι
1076 1345 1143 1387 πα-

138 1423 395 1510 ρασκευάζοιντο
412 1423 457 1503 ὡς
472 1422 697 1509 ἀπολεόμενοί
711 1447 747 1488 τε
764 1423 819 1488 καὶ
837 1417 1036 1497 ἀπολέοντες
1057 1416 1143 1485 κατὰ

138 1521 300 1605 δύναμιν·
323 1518 396 1589 ἀλλ’
415 1519 504 1612 αύτῷ
515 1528 627 1607 γελοία
641 1517 707 1607 γὰρ
719 1520 898 1604 ἐφαίνοντο
910 1521 1047 1600 ποιέειν,
1062 1542 1140 1602 μετ·

138 1620 304 1702 επέμψατο
320 1619 527 1706 Δημάρητον
540 1616 600 1686 τόν
614 1610 810 1704 Ἀρίστωνος
824 1614 923 1683 έόντα
934 1618 971 1682 έν
981 1621 1027 1705 τῷ
1039 1633 1141 1700 στρα·

138 1719 274 1806 τοπέθηο.
304 1713 510 1803 ἀπικόμενον
526 1717 635 1802 θέμιν
650 1715 769 1804 εἰρώτα
785 1715 908 1799 Ξέρξης
923 1716 1044 1780 ἕκαστα
1062 1711 1141 1779 τού-

32 1890 35 1894 ,
137 1839 222 1899 των,
244 1815 373 1881 έθέλων
385 1825 509 1901 μαθεῖν
522 1811 559 1881 τό
577 1812 781 1898 ποιεύμενον
794 1808 880 1899 πρὸς
893 1818 963 1878 τών
976 1815 1136 1879 Λακεδαι-

138 1915 274 1995 μονίων.
298 1906 316 1977 ὁ
333 1913 369 1978 δέ
381 1908 465 1979 είπε·
478 1910 647 1990 Ἤκουσας
660 1913 723 1996 μέν
733 1936 798 1996 μευ
809 1911 865 1979 καὶ
874 1909 1051 1997 πρότερον,
1068 1901 1144 1976 εύτε

139 2005 307 2094 ώρμέομεν
325 2011 378 2077 ἐπὶ
397 2007 460 2095 τὴν
476 2008 632 2096 Ἐλλάδα,
652 2012 727 2095 περὶ
750 2015 818 2077 τών
840 2007 975 2096 ἀνδρῶν
996 2010 1144 2077 τούτων

139 2102 286 2184 ἀκούσας
300 2106 336 2173 δέ
350 2107 476 2191 γέλωτά
490 2133 531 2192 με
547 2112 624 2175 ἔθεο
642 2105 780 2192 λέγοντα
797 2113 905 2194 τῇπερ
920 2102 1025 2190 ώρεον
1044 2109 1144 2194 έκβη-

139 2205 265 2289 σόμενα
276 2204 452 2292 πρήγματα
463 2212 576 2273 ταῦτα.
599 2209 672 2292 ἐμοὶ
683 2203 748 2292 γὰρ
759 2205 821 2294 τὴν
832 2201 997 2293 ἀλήθειαν
1009 2203 1145 2274 ἀσκέειν

138 2299 235 2371 ἀντία
251 2310 328 2387 σεῦ,
351 2295 546 2390 ώβασιλεύ,
562 2300 655 2388 ἀγών
669 2302 823 2390 μέγιστός
837 2306 915 2371 έστι.
944 2300 1093 2371 άκονσον
1108 2305 1145 2372 θέ

139 2404 194 2468 καὶ
207 2407 282 2468 νῦν.
298 2404 333 2468 οί
342 2399 462 2489 ἀνδρες
473 2393 568 2467 οὗτοι
579 2397 734 2468 ἀπίκαται
745 2401 966 2488 μαχεσόμενοι
977 2397 1057 2489 ἡμῖν
1068 2405 1145 2488 περὶ

139 2506 197 2585 τῆς
210 2499 347 2586 έσόάον,
363 2500 535 2587 καὶταῦτα
548 2498 866 2586 παρασκευάζονται.
890 2499 994 2585 νόμος
1004 2499 1069 2587 γάρ
1083 2518 1145 2583 σφι

140 2593 229 2662 οὕτω
250 2602 334 2682 ἔχων
353 2599 435 2665 ἐστί·
462 2593 564 2664 έπεάυ
584 2598 727 2684 μέλλωσι
753 2599 968 2666 κινδυνεύειν
983 2605 1023 2687 τῇ
1043 2603 1145 2685 ψυχῇ,

139 2694 215 2761 τότε
225 2692 284 2773 τάς
294 2692 441 2780 κεφαλάς
453 2698 660 2783 κοσμέονται.
684 2698 839 2764 ἐπίστασο
853 2697 899 2784 δέ,
916 2703 946 2766 εί
958 2698 1099 2775 τούτους
1110 2722 1146 2764 τε

140 2796 196 2860 καὶ
211 2790 249 2860 τό
271 2790 442 2879 ὑπομένον
458 2796 495 2860 ἐν
512 2794 654 2883 Σπάρτη
674 2795 931 2881 καταστρέψεαι,
953 2800 1021 2863 ἔστι
1042 2791 1146 2862 οὐδέν

139 2888 219 2957 ἀλλο
235 2896 336 2969 έθυος
347 2887 552 2977 ἀνθρώπων,
567 2891 606 2959 τό
617 2910 666 2978 σε,
678 2897 828 2978 βασιλεῦ,
842 2887 1021 2976 ὑπομενέει
1034 2906 1147 2978 χεῖρας

140 2985 415 3076 ἀνταειρόμενον·
446 2995 513 3056 νῦν
531 2986 597 3074 ηάρ
618 2985 703 3073 πρὸς
723 2995 901 3077 βασιληίην
915 3016 951 3058 τε
966 2996 1148 3076 καλλίστην

139 3094 207 3154 τῶν
222 3088 259 3153 έν
265 3083 399 3174 Ἕλλησι
413 3092 623 3176 προσφέρεαι
633 3091 689 3158 καί
704 3086 830 3176 ἀνέρας
840 3086 1005 3177 ἀρίστους.
1029 3091 1148 3177 Κάρτα

139 3210 175 3251 τε
192 3181 233 3270 θη
245 3183 365 3253 άπιστα
377 3188 483 3276 ,Ξέρξη
494 3189 649 3273 έφαίυετο
659 3184 700 3255 τά
711 3189 876 3275 λεγόμενα
888 3185 984 3274 εἶναι,
1001 3193 1056 3256 καλ
1067 3189 1147 3255 θεύ-

140 3305 219 3367 τερα
235 3282 413 3371 ἐπειρώτα,
429 3283 546 3352 ὅντινα
559 3284 687 3373 τρόπον
710 3291 865 3353 τοσοῦτοι
881 3286 993 3366 ἐόντες
1006 3295 1046 3376 τη
1061 3290 1144 3355 ἕωυ·

141 3386 201 3448 τοῦ
212 3391 348 3474 στρατιῇ
358 3386 563 3472 μαχέσονται.
586 3383 749 3483 ὁθὲείπε·
767 3378 807 3453 Ὦ
818 3391 970 3473 βασιλεῦ,
982 3387 1146 3473 έμολχρᾶ-
