2378 3840
326 190 411 248 ιιε.
445 190 503 244 vn.
539 172 637 244 σεε.
671 194 845 251 εει-ιιι
1007 156 1085 250 ’κισ

76 346 116 412 δὲ
143 346 300 432 Ἀρτάνης
320 346 471 430 Δαρείου
490 345 554 432 μὲν
578 351 639 411 τοῦ
662 347 814 431 βασιλέος
841 338 884 432 ἦν
911 344 1081 436 ἀδελφεός,

83 443 272 523 Τστάσπεος
288 450 324 512 δὲ
338 451 399 512 τοῦ
416 441 595 528 Ἀρσάμεος
616 458 709 529 παῖς,
733 439 769 522 ὃς
784 446 839 512 καί
855 443 1006 525 ἐκδιδούς
1020 446 1082 535 την

78 547 250 630 θυγατέρα
264 550 398 633 Δαρείῳ
412 541 473 610 τόν
488 541 581 610 οίκου
596 541 704 609 πάντα
719 540 780 609 τόν
796 544 924 610 έωντοῦ
938 546 1081 615 ἐπέδωκε

79 640 125 721 ὡς
141 640 273 727 μούνου
291 644 326 708 οί
341 638 460 726 ἐούσης
473 639 596 727 ταύτης
608 642 738 709 τέκνου.
761 641 890 725 Ξέρξεω
904 667 939 709 τε
956 639 996 729 δη
1019 644 1082 711 δύο
1097 667 1149 719 m

79 743 236 828 ἀδελφεοί
250 743 398 809 ἐνθαῦτα
414 748 571 809 πίπτουσι
586 741 766 827 μαχόμενοι
782 738 867 826 ὑπὲρ
880 747 942 808 τοῦ
957 751 1081 824 νεκροῦ

77 847 139 907 τοῦ
149 843 343 925 Λεωνίδεω,
358 842 517 927 Περσέων
530 864 566 906 τε
581 840 635 906 καί
646 843 920 923 Λακεδαιμονίων
931 834 1080 925 ω’δισμός

77 937 208 1022 ἐγένετο
225 932 347 1014 πολλὸς
364 937 397 1014 ἐς
412 933 432 1003 ὃ
441 935 562 1003 τοῦτόν
576 962 612 1004 τε
626 931 726 1023 άρετη
742 933 935 1023 οίἝλληνες
948 933 1080 1016 ὑπεξεί-
1117 1007 1120 1013 ,

78 1055 186 1119 ρυσαυ
201 1037 256 1101 καί
273 1036 453 1119 ἐτρέψαντο
468 1030 547 1111 τούς
565 1035 736 1111 ἐναντίους
749 1034 907 1119 τετράκις.
932 1036 1079 1101 τοῦτοδὲ

78 1131 276 1218 συνεστήκεε
290 1133 385 1216 μέχρι
396 1123 438 1198 οὗ
450 1135 483 1199 οί
495 1129 561 1199 σύν
572 1129 724 1220 Ἐπιάλτη
734 1134 967 1218 παρεγένοντο.
987 1129 1031 1210 ὡς
1043 1134 1078 1200 δέ

78 1229 217 1306 τούτους
230 1225 326 1313 ἥκειν
340 1228 509 1296 ἐπύθοντο
524 1234 559 1297 οί
569 1226 740 1314 Ἕλληνες,
757 1232 917 1298 ἐνθεῦτεν
932 1229 994 1318 ἤδη
1009 1235 1078 1300 ἑτε-

78 1333 211 1411 ροιοῦτο
225 1325 262 1393 τό
278 1339 395 1405 νεῖκος.
420 1331 452 1404 ἔς
466 1352 501 1400 τε
514 1323 579 1413 γάρ
591 1324 627 1394 τό
640 1325 773 1395 στεινόν
786 1334 843 1414 τῆς
854 1324 937 1394 ὁδού
953 1325 1079 1413 ἀνεχά-

75 1447 155 1506 ρεον
176 1419 298 1508 ὀπίσω,
329 1426 385 1492 καί
404 1424 693 1511 παραμειψάμενοι
715 1423 751 1493 τό
775 1441 894 1511 τείχυς,
922 1425 1079 1504 ἐλθόντες

73 1520 182 1598 ἵζοντο
198 1521 250 1587 ἐπί
263 1516 324 1588 τόν
339 1517 492 1588 κολωνόν
506 1522 628 1600 πάντες
643 1521 736 1601 ἁλέες
751 1528 784 1591 οί
800 1522 895 1592 άλλοι
909 1523 997 1612 πλὴν
1008 1534 1078 1610 Θη-

73 1621 189 1700 βαίων.
219 1615 237 1684 ὁ
255 1621 291 1686 δὲ
305 1618 454 1695 κολωνός
471 1619 539 1685 ἐστι
555 1622 592 1686 ἐν
607 1627 647 1706 τῇ
662 1619 783 1710 ἐσόδῳ,
806 1619 889 1689 όκου
906 1629 972 1689 νῦν
989 1618 1006 1690 ὁ
1025 1626 1077 1688 λί-

72 1724 172 1792 θινος
182 1717 268 1783 λέων
279 1717 395 1802 ἕστηκε
406 1717 458 1783 ἐπὶ
469 1721 629 1804 Λεωνίδη.
644 1718 680 1784 ἐν
691 1719 798 1806 τούτῳ
809 1721 912 1805 σφέας
923 1725 968 1807 τῷ
979 1718 1075 1808 χοίρῳ

73 1809 293 1898 ἀλεξομένους
304 1821 492 1900 μαχαίρῃσι,
506 1825 592 1880 τοῖσι
603 1810 714 1880 αὐτῶν
726 1814 908 1899 ἐτύγχανον
923 1822 969 1883 ἔτι
980 1840 1075 1901 περι-

73 1921 206 2000 εούσαι,
228 1916 284 1982 καί
302 1917 394 2000 χερσί
415 1915 469 1980 καί
491 1910 631 1998 στόμασι
653 1916 843 1998 κατέχωσαν
859 1918 893 1981 οί
910 1913 1089 2000 βάρβαροι.

70 2012 267 2099 βάλλοντες,
283 2015 318 2079 οί
329 2010 392 2098 μὲν
403 2013 435 2091 ἐξ
448 2012 599 2096 ἐναντίης
614 2010 829 2097 ἐπισπόμενοι
843 2013 898 2079 καί
913 2008 950 2078 τό
969 2015 1075 2097 ἔρυμα

72 2118 131 2178 τού
145 2117 267 2197 τείχεος
282 2109 529 2196 συγχώσαντες,
554 2112 588 2177 οί
601 2110 637 2177 δέ
652 2109 887 2197 περιελθόντες
901 2107 1074 2176 πάντοθεν

69 2207 280 2290 περισταδόν.

154 2312 428 2393 Λακεδαιμονίων
443 2311 479 2374 δέ
496 2309 552 2373 καί
567 2309 738 2374 Θεσπιέων
754 2305 917 2373 τοιούτων
933 2306 1074 2389 γενομέ*
1090 2319 1141 2374 22⁶

68 2438 157 2495 νων,
183 2407 272 2494 ὅμως
287 2408 415 2494 λέγεται
429 2404 563 2494 άριστος
583 2403 668 2492 ἀνὴρ
689 2408 847 2490 γενέσθαι
861 2402 1073 2489 Σπαρτιήτης

70 2508 253 2593 Διηνέκης,
271 2501 332 2570 τόν
344 2505 421 2571 τόδε
438 2505 519 2589 φασί
534 2508 640 2569 εἰπεῖν
650 2500 687 2568 τό
700 2508 777 2578 ἔπος
792 2503 872 2585 πρὶν
883 2497 904 2586 ἢ
915 2504 1076 2585 συμμῖξαί

70 2625 174 2691 σφεας
193 2615 278 2669 τοίσι
295 2601 461 2690 Μήδοισι,
479 2597 678 2683 πυθόμενον
697 2596 781 2684 πρός
793 2623 852 2664 τευ
865 2603 933 2663 τῶν
951 2603 1071 2681 Τρηχι-

69 2707 169 2785 νίων,
191 2695 235 2776 ὡς
250 2694 352 2766 ἐπεάν
373 2701 407 2764 οί
418 2696 584 2783 βάρβαροι
598 2690 719 2761 άπίωσι
735 2690 775 2760 τά
789 2692 988 2779 τοξεύματα,
1010 2689 1071 2759 τόν

68 2797 165 2886 ἥλιον
179 2793 245 2864 ὑπό
263 2803 324 2863 τοῦ
339 2795 487 2882 πλήθεος
500 2798 569 2860 τῶν
583 2788 703 2858 ὀϊστῶν
717 2788 985 2874 άποκρύπτουσι·
1012 2814 1070 2855 το-

67 2899 171 2969 σοῦτό
191 2925 223 2966 τι
237 2904 368 2983 πλῆθος
389 2893 502 2963 αὐτῶν
517 2893 617 2962 εἶναι·
645 2891 706 2961 τόν
726 2895 761 2960 δὲ
783 2893 845 2961 ούκ
866 2896 1069 2979 ἐκπλαγέντα

67 2996 215 3062 τούτοισι
237 2997 358 3079 είπείν,
381 2994 419 3061 έν
437 2988 556 3078 άλογίη
574 2989 778 3073 ποιεύμενον
796 2987 833 3058 τό
855 2999 924 3058 τῶν
938 2989 1071 3077 Μήδων

67 3098 213 3177 πλῆθος,
229 3087 274 3169 ὡς
287 3090 397 3157 πάντα
410 3107 472 3173 σφι
486 3082 630 3174 άγοιθάδ
645 3094 817 3173 Τρηχίνιος
832 3092 937 3167 ξεῖνος
951 3084 1071 3171 άγγέλ-

66 3200 137 3274 λοι,
156 3193 186 3256 εί
201 3185 487 3274 1σἰποκρυκτόντων
501 3191 570 3251 τῶν
581 3183 713 3269 Μήδων
723 3182 784 3252 τόν
798 3182 897 3270 ἥλιον
910 3180 977 3251 ὑπό
993 3191 1070 3274 σκιῇ

67 3293 176 3357 ἔσοιτο
190 3282 274 3370 πρὸς
290 3282 414 3363 αύτούς
430 3280 452 3370 ἡ
469 3281 556 3369 μάχη
571 3284 627 3349 καί
642 3279 704 3350 οὐκ
719 3284 756 3350 ἐν
774 3279 867 3374 ἡλίῳ.
889 3290 993 3351 ταῦτα
1008 3285 1070 3369 μὲν

66 3389 120 3454 καί
131 3382 216 3453 ἄλλα
227 3382 466 3470 τοιουτότροπα
478 3381 558 3450 ἐπεά
570 3385 826 3467 ῳασιΔιηνέκεα
836 3378 1069 3451 τδνΛακεδαι-

1115 3508 1130 3605 ί.
