2378 3840
18 257 22 263 .
102 209 123 271 2
473 213 725 272 HERODOTI

45 376 51 403 ’
100 368 197 454 ράθη
216 367 237 454 ἡ
258 372 444 453 Πέρινθος,
469 367 596 454 ἤλαυνε
617 368 678 437 τόν
699 372 842 459 στρατόν
863 371 880 441 ὁ
905 384 996 459 Μεγτ

100 465 154 536 διὰ
167 474 225 553 τῆς
235 474 398 554 Θρηίκης,
414 473 526 535 πᾶσαν
540 468 641 536 πόλιν
652 471 706 536 καὶ
717 477 786 536 πᾶν
801 476 902 549 ἔθνος
916 479 984 538 τῶν

101 575 287 656 οίκημίνων
297 566 526 654 ἡμερούμενος
535 572 680 654 βασιλέα·
697 575 801 637 ταῦτα
813 572 879 657 γάρ
891 575 925 639 οί
934 575 996 638 ἐνετ

99 692 136 734 το
152 669 188 734 ἐκ
197 673 365 752 Δαρείου,
387 671 538 751 Θρηίκην
552 669 849 752 καταστρέφεσθαι.

67 789 84 843 3
184 771 396 834 ΘΡΗΙΚΩΝ
409 766 446 829 δὲ
461 768 562 841 ἔθνος
576 766 733 849 μέγιστόν
747 767 815 834 ἐστι
829 768 912 852 μετά
928 793 966 853 γε
976 765 996 834 ’1

97 863 234 932 πάντων
254 860 457 949 ἀνθρώπων.
492 867 522 930 εί
541 862 578 929 δὲ
599 859 659 928 ὑπ’
681 860 756 941 ἑνός
773 861 905 950 ἀρχοιτο
925 863 947 950 ἢ
964 893 996 950 φρ

97 959 180 1030 κατά
201 958 326 1046 τώυτό,
359 959 489 1046 άμαχόν
514 957 544 1026 τ’
569 956 684 1045 ἀνείη
709 964 764 1028 καί
787 970 900 1052 πολλῷ
924 966 996 1051 κράτ

96 1062 234 1130 πάντων
249 1061 379 1128 έθνέων
395 1057 478 1127 κατὰ
488 1059 628 1145 γνάμην
638 1056 701 1146 τὴν
712 1061 804 1147 ἐμήν.
827 1058 911 1129 ἀλλά
926 1062 990 1150 γάρ

96 1158 228 1243 ἀπορόν
245 1177 306 1242 σφι
326 1159 381 1224 καί
401 1154 573 1243 ἀμήχανον
594 1157 641 1244 μή
658 1185 734 1226 κοτε
754 1162 943 1246 ἐγγένηται·
977 1189 996 1230 ει

97 1254 180 1325 κατὰ
199 1263 298 1323 τοῦτο
319 1253 486 1334 ἀσθενέες.
519 1254 689 1342 οὐνόματα
705 1259 741 1326 δὲ
756 1258 863 1328 πολλοὶ
884 1267 996 1346 έχουσι

96 1356 205 1443 χώρας
222 1357 370 1440 ἕκαστοι,
391 1355 525 1439 νόμοισι
542 1355 579 1421 δὲ
593 1347 687 1422 οὗτοι
703 1366 963 1443 παραπλησίοισι
978 1387 996 1425 τι

96 1456 247 1541 χρέονται
268 1449 351 1519 κατὰ
372 1452 498 1536 πάντα,
521 1449 610 1537 πλην
630 1458 762 1522 Γετέων
784 1459 839 1522 καί
863 1463 996 1538 Τραυσό

64 1558 165 1631 ίταλν
185 1550 377 1634 κατύπερθε
395 1556 645 1634 Κρηστωναίων
667 1552 855 1619 οἰκεόντων.
905 1554 996 1620 Τούτ

97 1649 136 1720 τά
164 1651 227 1737 μὲν
252 1655 352 1718 Γέται
383 1655 416 1716 οί
440 1648 696 1734 ἀθανατίζοντες
719 1660 852 1721 ποιεῦσι
879 1663 996 1741 είρηται

101 1749 248 1836 Τραυσοὶ
262 1748 298 1816 δὲ
313 1746 353 1815 τά
368 1751 431 1835 μὲν
442 1747 526 1816 ἀλλα
537 1750 646 1816 πάντα
660 1746 744 1817 κατά
754 1749 858 1818 ταύτά
872 1765 956 1819 τοῖσι
970 1751 996 1818 ά.

98 1850 216 1938 Θρήιξι
231 1851 451 1933 ἐπιτελέουσι,
466 1846 549 1915 κατὰ
562 1850 598 1918 δὲ
608 1847 669 1916 τόν
679 1851 861 1937 γινόμενόν
871 1871 932 1936 σφι
946 1855 996 1918 καί

96 1947 278 2035 γινόμενον
292 1954 424 2014 ποιεῦσι
444 1948 573 2016 τοιάδε·
599 1945 659 2014 τόν
676 1951 738 2035 μὲν
754 1949 935 2034 γινόμενον
956 1974 996 2016 πε

97 2072 193 2134 μενοι
208 2049 242 2113 οί
254 2045 479 2131 προσήκοντες
493 2043 732 2133 ὀλοφύρονται,
749 2045 812 2112 ὅσα
842 2072 899 2131 μιν
924 2049 978 2112 δεῖ
995 2095 996 2107 .

97 2151 227 2234 ἐγένετο
248 2143 437 2231 ἀναπλῆσαι
458 2144 562 2230 κακὰ,
591 2144 810 2233 ἀνηγεόμενοι
835 2143 875 2212 τά
901 2142 996 2232 ἀνθρι

96 2244 206 2313 πάντα
226 2242 356 2327 πάθεα,
384 2239 501 2309 τόνδ’
527 2239 776 2329 ἀπογινόμενον
801 2246 971 2322 παίζοντές
991 2271 996 2286 ¹

94 2341 255 2432 ἡδόμενοι
267 2350 311 2432 γῇ
324 2341 528 2429 κρύπτουσι,
545 2345 753 2428 ἐπιλέγοντες
767 2338 858 2408 ὅσων
875 2347 989 2407 κακῶν

67 2447 274 2529 οαλλαχθείς
294 2444 362 2510 ἐστι
382 2443 420 2508 έν
439 2441 531 2528 πόση
551 2438 756 2529 εὐδαιμονίη.
803 2444 847 2507 Οί
860 2440 895 2506 θλ
910 2439 994 2506 κατύ

95 2548 345 2630 Κρηστωναίων
367 2547 499 2608 ποιεῦσι
524 2541 654 2607 τοιάδε·
689 2545 754 2626 ἔχει
779 2551 940 2624 γυναῖκας
966 2541 996 2605 ἔκ

96 2642 238 2721 πολλάς·
263 2637 366 2709 ἐπεὰν
387 2631 436 2706 ἀν
455 2664 505 2716 τις
522 2633 635 2704 αύτῶν
655 2633 832 2725 ἀποθάνῃ,
854 2643 996 2723 κρίσιςγ

96 2742 225 2829 μεγάλη
239 2746 307 2807 τῶν
327 2743 500 2824 γυναικῶν
520 2737 574 2804 καὶ
589 2743 698 2822 φίλων
714 2738 858 2827 σπουδαί
876 2741 995 2820 ίσχνρα

97 2845 214 2924 τοῦδε,
234 2835 307 2923 ἥτις
320 2834 450 2905 αύτέων
470 2838 620 2922 ἐφιλέετο
633 2834 776 2921 μάλιστα
796 2831 863 2901 ὑπὸ
883 2841 945 2900 τοῦ
961 2831 996 2899 ἀν

96 2933 164 3025 ἥδ’
187 2932 231 3003 ἀν
252 2943 356 3024 κριθῇ
372 2935 428 3002 καί
447 2941 591 3021 τιμηθῇ,
614 2935 881 3020 ἐγκωμιασθεῖσα
903 2930 970 2998 ὑπό
991 2960 996 2996 π

97 3037 189 3119 δρῶν
205 3036 260 3100 καί
274 3039 447 3118 γυναικῶν
460 3033 619 3117 σφάζεται
635 3034 670 3110 ές
686 3028 747 3099 τόν
761 3031 872 3116 τάφον
893 3027 960 3096 ὑπὸ
976 3056 995 3095 τ

97 3131 284 3218 κηιωτάτου
294 3136 428 3218 ἑωυτῆς,
440 3142 629 3218 σφαχθεῖσα
641 3131 678 3198 δὲ
689 3130 919 3198 συνθάπτεται
929 3138 975 3220 τῷ
987 3158 996 3197 τ

97 3235 135 3298 αί
146 3232 182 3298 δὲ
198 3228 296 3299 ἀλλαι
312 3230 493 3318 συμφορὴν
506 3231 657 3317 μεγάλην
670 3238 861 3299 ποιεῦνται·
891 3227 996 3296 ὄνετδτ

65 3354 80 3402 6
98 3351 159 3417 σφι
171 3336 270 3398 τοῦτο
282 3331 438 3415 μέγιστον
451 3336 588 3415 γίνεται.
623 3335 700 3395 Τῶν
715 3330 751 3395 δέ
766 3325 807 3413 δὴ
823 3324 935 3393 ἀλλων
946 3335 996 3409 Θρ

98 3429 166 3496 ἐστὶ
179 3424 238 3494 ὅθι
251 3421 269 3494 ό
281 3426 573 3513 νόμοςκωλέουσι
581 3420 622 3494 τά
629 3429 729 3494 τέκνα
744 3422 795 3493 ἐπ’
811 3427 969 3511 ἐξαγωγῇ.
994 3456 996 3471 ·
