2378 3840
128 188 192 251 250
506 191 756 250 HERODOTI

129 351 291 419 ναυτικὸν
305 352 341 420 τό
357 353 486 438 ,Ξέρξεω
502 345 706 416 ἀπολέεσθαι
720 351 843 432 μέλλοι.
872 353 983 413 Ταῦτα
997 346 1062 431 μέν
1072 357 1136 414 Δι-

129 461 221 528 κατος
236 446 255 517 ὁ
268 449 456 524 ’Θεοκύδεος
472 450 575 530 ἔλεγε,
592 445 799 531 Δημαρήτου
810 468 846 510 τε
860 445 914 511 καὶ
925 440 1041 511 ἀλλων
1051 467 1137 526 μαρ-

128 548 241 634 τύρων
256 546 511 630 καταπτόμενος.

78 656 114 710 66
216 650 261 714 Ol
275 646 311 712 δὲ
332 648 365 722 ές
385 640 446 711 τὸν
459 645 587 730 Ξέρξεω
604 640 766 710 ναυτικὸν
788 637 931 727 στρατὸν
946 646 1138 725 ταχθέντες,

129 742 241 830 ἐπειδή
254 746 290 811 έκ
305 751 466 829 Τρηχῖνος
479 741 691 829 θηησάμενοι
705 736 742 806 τὸ
757 745 872 825 τρῶμα
885 734 922 805 τό
934 733 1139 804 Λακωνικὸν

129 845 287 929 διέβησαν
296 843 329 919 ές
337 838 570 927 τήνἹστίαιαν,
580 836 768 924 ἐπισχόντες
776 835 900 923 ἡμέρας
909 849 996 922 τρεῖς
1004 841 1139 902 ἔπλωον

129 936 175 1007 δι’
191 936 362 1025 Εὐρίπου,
384 941 439 1006 καὶ
453 941 490 1004 έν
505 940 633 1026 ἑτέρῃσι
653 939 741 1022 τρισὶ
761 933 902 1024 ἡμέρῃσι
922 937 1080 1019 ἐγένοντο
1100 938 1137 1002 έν

129 1036 282 1126 Φαλήρῳ.
304 1033 348 1114 ὡς
358 1037 420 1122 μέν
429 1037 501 1122 ἐμοὶ
511 1039 651 1120 δοκέειν,
667 1032 730 1102 ούκ
742 1035 920 1114 ἐλάσσονες
930 1035 1043 1114 ἐόντες
1060 1032 1138 1120 ἀρι-

128 1130 221 1219 θμόν
236 1135 395 1220 ἐσέβαλον
411 1136 443 1211 ἐς
456 1131 515 1212 τάς
525 1131 681 1219 Ἀθήνας,
696 1134 780 1201 κατά
795 1160 830 1202 τε
841 1132 982 1222 ἤπειρον
995 1136 1051 1202 καὶ
1062 1139 1138 1221 τῇσι

128 1234 228 1317 νηυσὶ
240 1228 449 1316 ἀπικόμενοι,
460 1226 481 1316 ἢ
493 1233 550 1298 έπί
557 1257 592 1298 τε
598 1232 755 1316 Σηπιάδα
766 1229 926 1300 ἀπίκοντο
938 1235 993 1299 καί
1003 1233 1038 1308 ές
1049 1239 1138 1311 Θερ-

127 1326 288 1414 μοπύλας.
318 1325 490 1413 ἀνταλήσοι
505 1324 570 1414 γὰρ
585 1333 673 1394 τοῖσί
683 1353 718 1393 τε
738 1324 805 1394 ὑπὸ
822 1335 882 1394 τοῦ
897 1333 1059 1414 χειμῶνος
1074 1325 1137 1392 a&

127 1432 196 1494 τῶν
209 1422 445 1512 ἀπολομένοισι
460 1430 515 1494 καὶ
525 1441 612 1495 τοῖσι
622 1428 660 1495 έν
672 1427 909 1517 Θερμοπύλῃσι
924 1431 980 1495 καί
993 1432 1069 1514 τῃσι
1083 1430 1136 1494 ἐπ’

124 1518 316 1613 Ἀρτεμισίῳ
327 1530 528 1612 ναυμαχίῃσι
536 1523 661 1591 ’τούσδε
670 1521 750 1602 τούς
760 1523 835 1591 τότε
849 1521 940 1590 ούκοι
951 1527 1138 1608 ἑπομένους

129 1623 268 1708 βασιλέι,
283 1624 434 1707 Μηλιέας
448 1647 483 1688 τε
497 1623 553 1689 καλ
562 1631 718 1706 Δωριέας,
726 1623 782 1690 καί
791 1620 946 1707 Λοκρούς
958 1623 1013 1690 καὶ
1023 1631 1138 1690 Βοιω-

129 1714 207 1794 τούς
223 1726 427 1806 πανστρατιῇ
438 1722 621 1805 ἑπομένους
631 1715 720 1806 πλήν
734 1722 907 1789 Θεσπιέων
922 1747 958 1788 τε
973 1724 1029 1787 καί
1041 1727 1136 1787 Πλα-

129 1816 249 1881 ταιέων
264 1816 319 1881 καὶ
339 1816 427 1900 μύλα
446 1823 657 1903 Καρυστίους
672 1843 708 1885 τε
728 1822 785 1885 καὶ
800 1816 973 1906 Ἀνύρίους
993 1821 1051 1886 καὶ
1069 1826 1136 1902 Τη-

129 1917 223 1989 νίους
243 1936 278 1978 τε
298 1915 352 1979 καὶ
373 1911 452 1992 τούς
473 1912 613 1992 λοιπούς
633 1917 798 2000 νησιώτας
818 1917 945 1996 πάντας
964 1914 1054 2002 πλήν
1070 1924 1137 1984 τῶν

130 2013 228 2076 πέντε
242 2018 385 2097 πολίων,
400 2019 467 2078 τῶν
483 2013 700 2099 ἐπεμνήσθην
716 2015 883 2100 πρότερον
896 2015 936 2082 τά
953 2011 1136 2099 οὐνόματα.

129 2108 196 2200 ὅσῳ
211 2108 275 2195 γὰρ
298 2109 338 2197 δή
360 2113 539 2200 προέβαινε
553 2116 773 2198 έσοιτέροοτής
787 2110 944 2191 Ἑλλάδος
958 2109 977 2180 ὁ
991 2115 1136 2196 Πέρσης,

80 2217 114 2270 67
133 2205 279 2297 τοσούτῳ
292 2211 380 2275 πλέω
396 2209 499 2276 ἔθνεσί
515 2213 549 2276 οί
561 2211 678 2276 εἵπετο.
708 2207 795 2277 Ἐπεὶ
810 2202 858 2286 ἀν
873 2207 1013 2276 ἀπίκατο
1029 2212 1064 2287 ἐς
1079 2207 1136 2284 τὰς

127 2302 271 2389 Ἀθήνας
285 2305 407 2384 πάντες
424 2299 517 2373 οὗτοι
534 2304 622 2392 πλήν
635 2314 775 2392 Παρίου
796 2309 929 2395 ’Πάριοι
946 2309 982 2377 δέ
996 2306 1136 2375 ὑπολει-

131 2406 274 2486 φθέντες
286 2406 323 2469 έν
335 2401 464 2492 Κύθνῳ
478 2405 702 2487 ἐκαραδόκεον
716 2403 778 2474 τόν
788 2407 936 2490 πόλεμον
950 2413 992 2492 κῇ
1004 2403 1139 2492 ἀποβή-

130 2511 231 2566 σεται·
236 2547 246 2582 ,
263 2503 297 2566 οί
306 2501 342 2566 δὲ
352 2504 463 2569 λοιποί
475 2501 519 2580 ὡς
530 2499 690 2570 ἀπίκοντο
702 2504 735 2579 ές
748 2500 786 2570 τό
799 2503 968 2588 Φάληρον,
984 2506 1138 2570 ἐνθαῦτα

130 2602 250 2685 κατέβη
267 2596 367 2677 αὐτὸς
378 2602 501 2686 Ξέρξης
514 2604 567 2669 ἐπὶ
577 2598 635 2678 τάς
646 2605 738 2686 νέοις,
757 2604 886 2670 έθέλοον
900 2621 960 2687 σφι
976 2608 1140 2686 συμμῖξαί

129 2726 164 2767 τε
178 2699 233 2766 καὶ
246 2700 419 2767 πυθέσθαι
433 2708 501 2767 τῶν
515 2701 753 2769 έπιπλοιύντιον
767 2700 826 2779 τάς
840 2701 984 2788 γνώμας.
1015 2703 1088 2768 ἐπεὶ
1103 2705 1138 2768 δέ

130 2793 332 2881 ἀπικόμενος
345 2803 512 2882 προΐζετο,
529 2805 686 2883 παρῆσαν
699 2797 925 2884 μετάπεμπτοι
943 2802 977 2864 οί
990 2804 1059 2864 τῶν
1076 2799 1139 2865 έθ-

130 2906 217 2964 υέωυ
238 2901 306 2962 τῶν
325 2899 495 2981 σφετέρων
515 2894 677 2981 τύραννοι
700 2897 755 2963 καί
780 2900 947 2980 ταξίαρχοι
975 2892 1040 2960 ἀπὸ
1070 2903 1138 2960 τῶν

130 3003 235 3080 νεῶν,
251 2998 306 3062 καὶ
319 2997 427 3074 ἵζοντο
444 2992 489 3072 ὥς
503 3014 564 3078 σφι
580 2992 738 3080 βασιλεύς
754 2993 880 3084 ἑκάστῳ
897 2989 996 3078 τιμήν
1010 2994 1133 3060 ἐδεδού-

130 3121 201 3179 κεε,
215 3100 346 3178 πρῶτος
359 3094 422 3179 μὲν
435 3089 453 3160 ὅ
465 3092 633 3171 Σιὸιίνιος
643 3096 811 3180 βασιλεύς,
825 3089 907 3178 μετὰ
919 3090 985 3160 ἃὲὸ
1000 3092 1140 3179 Τύριος,

130 3193 182 3259 έπλ
197 3191 232 3256 δέ
245 3183 353 3258 ὧλλοι.
379 3187 423 3268 ὡς
437 3191 473 3258 δέ
488 3191 601 3280 κύσμρι
613 3193 728 3278 έπεξής
737 3194 857 3275 ἵζοντο,
870 3191 1001 3275 πέμψας
1012 3192 1140 3276 Ξέρξης

130 3288 331 3374 Μαρδόνιον
347 3288 477 3376 είρύτα,
494 3286 771 3372 ἀποπειρεόμενος
785 3288 937 3372 έκάστου,
957 3292 987 3354 εἰ
1002 3314 1141 3374 ναυμα-

80 3400 116 3451 08
124 3395 206 3470 ῃίηυ
224 3387 381 3455 ποιέοιτο.
420 3384 505 3454 Ἐπεὶ
532 3388 568 3452 δὲ
594 3383 735 3470 περιιών
755 3385 875 3470 εἰρώτα
896 3383 913 3452 ὁ
936 3387 1141 3470 Μαρδόνιος
