2378 3840
265 178 270 185 '
325 171 410 227 LIB.
445 171 480 228 V.
516 171 613 228 cAP.
646 176 805 232 98—102.
1027 171 1068 235 51

60 328 179 409 πόλιος
198 321 302 399 τάλλα
322 328 448 396 πάντα·
475 324 538 413 τὴν
559 329 596 395 δὲ
612 325 797 410 άκρόπολιν
816 332 952 419 ἐρρύετο
968 329 1069 410 αύτδς

61 433 300 517 Αρταφέρνης,
316 426 563 515 ἐχωνδύναμιν
580 425 716 515 άνδρῦν
732 427 801 498 οῦκ
811 428 936 519 όλίγην.
971 429 1017 500 Τό
1033 432 1069 500 δέ
1086 441 1133 496 101

60 523 105 614 μὴ
121 533 320 613 λεηλατῆσαι
335 525 472 604 ἑλόντας
486 529 590 611 σφέας
605 523 667 611 τὴν
683 528 784 596 πόλιν
795 533 868 614 ἔσχε
878 529 966 598 τόδε.
980 522 1069 617 ἦσαν

61 628 99 693 ἐν
115 632 190 714 τῇσι
205 623 350 710 Σάρδισι
365 628 466 692 οἰκίαι
486 628 523 692 αλ
541 627 605 709 μὲν
618 632 759 704 πλεῦνες
772 626 970 714 καλάμιναι,
991 625 1068 695 όσαι

61 721 93 791 δ’
112 721 242 790 αὐτέων
259 725 313 791 καὶ
328 727 505 790 πλίνθιναι
518 716 621 810 ἦσαν,
642 724 796 812 καλάμου
811 723 899 812 εἶχον
912 723 972 806 τάς
988 722 1068 811 ὀρο-

61 825 137 911 φάς.
161 821 292 890 τούτων
307 818 348 908 b}
363 828 444 909 μίαν
456 828 526 892 τῶν
536 848 585 901 τις
600 825 828 908 στρατιωτέων
840 823 885 904 ὡς
895 829 1067 911 ἐνέπρησε,

60 920 181 991 αὐτίκα
192 917 251 988 άπ’
264 926 369 1006 οἰκίης
383 923 417 999 ἐς
427 926 537 1006 οἰκίην
548 919 603 990 ίόν
615 919 653 990 τό
666 929 734 1007 πῦρ
746 925 920 1010 ἐπενέμετο
933 923 969 994 τό
983 923 1066 992 άστυ

59 1029 139 1090 πᾶν.
161 1021 345 1106 καιομένου
361 1019 397 1087 δέ
411 1025 472 1086 τοῦ
484 1017 601 1098 άστεος
616 1023 650 1087 οἱ
658 1022 769 1091 Λυδοί
775 1045 811 1087 τε
821 1024 877 1090 καὶ
892 1020 1068 1106 όσοιΠερ-

60 1125 149 1192 σέων
160 1123 283 1207 ἐνῆσαν
297 1121 335 1186 ἐν
344 1125 385 1208 τῇ
396 1119 486 1205 πόλι,
504 1114 784 1204 ἀπολαμφθέντες
797 1117 971 1187 πάντοθεν
984 1118 1067 1187 ύστε

58 1219 101 1290 τά
113 1219 310 1307 περιέσχατα
320 1218 509 1304 νεμομένου
523 1223 584 1285 τοῦ
594 1213 768 1303 πυρόςκαὶ
778 1213 841 1285 οῦν
852 1222 981 1304 ἔχοντες
992 1216 1067 1302 ἐξή-

59 1329 159 1389 λυσιν
174 1320 210 1387 έν
223 1325 285 1385 τοῦ
298 1315 430 1403 άστεος,
446 1318 630 1402 συνέρρεον
640 1321 674 1394 ἐς
684 1341 719 1384 τε
732 1313 794 1402 τὴν
806 1314 933 1403 ἀγορὴν
948 1319 1004 1385 καὶ
1014 1318 1067 1385 ἐπὶ

59 1415 120 1487 τόν
133 1414 319 1484 Πακτωλὸν
335 1414 504 1499 ποταμόν,
519 1413 556 1492 ῦς
570 1435 632 1500 σφι
645 1421 760 1500 ψῆγμα
774 1421 902 1500 χρυσοῦ
913 1441 1066 1500 καταφο-

59 1517 148 1601 ρέων
158 1515 196 1580 ἐκ
205 1520 267 1579 τοῦ
282 1509 424 1597 Τμιόλου
435 1507 491 1578 διά
502 1511 604 1596 με’σης
617 1517 675 1597 τῆς
689 1507 813 1598 άγορῆς
826 1514 894 1599 ῥέει
909 1514 964 1580 καὶ
975 1518 1066 1580 ἐπει-

59 1636 116 1678 τεν
133 1611 167 1688 ἐς
185 1606 247 1676 τόν
259 1605 386 1694 Ἕρμον
405 1604 558 1694 ποταμόν
572 1610 714 1693 ἐκδιδοῖ,
735 1605 753 1676 ὁ
772 1613 808 1677 δέ
822 1611 856 1688 ές
869 1610 1064 1678 θάλασσαν·

59 1712 112 1778 ἐπὶ
128 1713 250 1775 τοῦτον
264 1704 305 1792 δὴ
320 1701 381 1774 τόν
393 1703 580 1775 Πακτωλὸν
595 1708 655 1774 καλ-
671 1706 705 1784 ές
722 1703 785 1793 τὴν
799 1705 927 1795 α’γορὴν
943 1708 1064 1792 άθροι·

59 1808 192 1893 ζόμενοι
206 1807 293 1872 οἵτε
308 1807 415 1873 Λυδοὶ
431 1807 487 1872 καὶ
503 1807 537 1871 οί
548 1807 682 1891 Πέρσαι
690 1800 915 1891 ἠναγκάζοντο
937 1805 1065 1894 άμύνε-

59 1915 150 1974 σθαι.
174 1906 209 1972 ολ
221 1902 375 1981 δὲ”Ῑωνες
389 1901 542 1988 ὁρέοντες
549 1899 631 1980 τοῦς
641 1903 704 1986 μέν
713 1909 782 1970 τῶν
793 1911 962 1991 πολεμίων
976 1902 1064 1991 άμυ-

58 2005 240 2090 νομένους,
263 1997 344 2078 τοῦς
358 1998 395 2067 δέ
412 1997 477 2066 σῦν
491 1999 618 2086 πλήθει
633 2007 747 2090 πολλῷ
767 2004 1063 2089 προσφερομένους

29 2180 32 2187 ,
57 2098 310 2185 ἐξανεχύρησαν
324 2102 491 2174 δείσαντες
511 2094 596 2182 τυρός
614 2095 654 2166 τό
668 2091 771 2184 ούρος
790 2096 828 2167 τό
847 2106 986 2183 Τμῶλον
1001 2127 1063 2168 κα-

56 2202 231 2289 λεόμενον,
244 2202 406 2269 ἐνθεῦτεν
420 2200 457 2266 δὲ
471 2194 539 2265 ῦπό
551 2198 658 2266 νύκτα
672 2196 926 2267 ἀπαλλάσσοντο
939 2201 991 2267 ἐπὶ
1004 2198 1064 2276 τάς

56 2304 143 2380 νέας.
178 2301 242 2367 Καὶ
254 2296 400 2384 Σάρδιες
413 2301 476 2383 μέν
491 2296 766 2385 ἐνεπρήσθησαν,
785 2300 822 2365 ἐν
834 2296 870 2365 δὲ
880 2292 1000 2385 αὐτῇσι
1010 2300 1066 2365 καλ
1081 2315 1130 2369 1οι

56 2396 134 2483 ἱρόν
148 2399 324 2482 ἐπιχωρίης
336 2402 425 2463 θεοῦ
438 2394 616 2487 Κυβήβης,
656 2392 695 2463 τό
719 2392 939 2481 σκηπτόμενοι
973 2397 1063 2480 Πέρ-

56 2518 113 2566 σαι
127 2495 272 2582 ύστερον
283 2491 597 2581 ἀντενεπίμπρασαν
607 2491 647 2562 τά
661 2492 838 2580 ἐνἝλλησι
851 2494 918 2580 ίρά.
939 2492 1014 2562 τότε
1026 2495 1063 2561 δέ

56 2601 90 2664 οἱ
101 2596 233 2676 Πέρσαι
243 2597 278 2661 oc
290 2590 512 2683 ἐντόςἎλυος
525 2599 678 2682 ποταμοῦ
692 2588 819 2677 νομούς
831 2597 962 2678 ἔχοντες
976 2616 1061 2679 προ-

55 2692 313 2780 πυνθανόμενοι
339 2699 445 2761 ταῦτα
469 2698 685 2779 συνηλίζοντο
709 2694 764 2760 καὶ
795 2691 944 2778 ἐβάδεον
975 2705 1061 2760 τοῖσι

55 2797 205 2878 Λυδοῖσι.
225 2795 284 2860 καί
295 2816 362 2870 κως
374 2792 412 2860 ἐν
423 2789 486 2877 μὲν
491 2789 638 2878 Σάρδισι
650 2787 762 2857 οὐκέτι
775 2789 891 2868 ἐόντας
902 2785 1061 2866 τοῦςἽω

53 2917 117 2970 νας
132 2887 343 2976 εὑρίσκουσι,
369 2890 526 2976 ἑπόμενοι
542 2892 578 2959 δέ
595 2884 679 2958 κατά
696 2894 811 2976 στίβον
830 2890 980 2975 αἱρέουσι
998 2884 1061 2954 αύ-

53 2987 134 3068 τούς
146 2991 183 3057 ἐν
194 2985 328 3080 Ἐφέσφ.
347 2991 403 3058 καλ
413 2987 665 3079 ἐπετάχθησαν
676 2989 738 3076 μὲν
749 2991 785 3056 οί
787 2986 915 3075 Ἴωνες,
930 2997 1061 3075 συμβα-

53 3088 172 3165 λόντες
183 3086 219 3156 δὲ
229 3086 356 3156 πολλόν
368 3088 576 3174 ἐσσύθησαν.
589 3089 644 3156 καλ
653 3081 799 3163 πολλοῦς
810 3081 922 3152 αύτῦν
932 3086 1061 3171 οίΠίρ·

53 3207 112 3254 σαι
134 3184 336 3273 φονεύουσι,
360 3185 484 3265 άλλους
503 3211 539 3254 τε
559 3180 806 3272 ούνομαστοῦς,
831 3184 868 3250 ἐν
885 3185 922 3252 δὲ
943 3183 983 3271 δὴ
1004 3189 1060 3253 καὶ

53 3279 248 3368 Εὐαλκίδην
259 3287 502 3371 στρατηγέοντα
514 3280 723 3371 Ἐρετριέων,
735 3280 1014 3368 στεφανηφόρους
1024 3307 1060 3349 τε

54 3377 190 3463 άγῦυας
209 3376 458 3469 ἀναραιρηκότα
480 3384 535 3452 καὶ
558 3378 625 3450 ὑπό
646 3385 844 3469 Σιμωνίδεω
866 3388 927 3449 τοῦ
950 3385 1059 3468 Κηίου

876 3470 1132 3628 ”t
