2378 3840
345 163 821 232 113.v1.cAl>.10³-.107
1011 170 1071 235 105

10 316 13 395 f
61 317 151 387 διότι
164 321 293 388 ἑωυτοῦ
310 318 471 408 οὐδεμίαν
482 324 672 408 ἐπιμέλειαν
681 333 854 396 ποιεῦνται
862 328 1045 416 ,ἐόντος
1013 349 1070 401 εν-

61 413 171 483 νόου’
167 423 369 538 Αβηναίοισι
380 422 435 488 καί
448 427 596 510 πολλαχῇ
605 425 792 508 γενομένου
802 421 866 512 ἤδη
881 446 942 514 σφι
954 436 1070 516 χρησί-

61 538 146 601 μου,
169 511 210 582 τά
230 511 263 582 δ’
284 520 332 583 ἔτι
348 517 402 583 καὶ
424 517 594 603 ἐσομένου.
623 521 798 589 καὶταῦτα
815 522 877 609 μὲν
897 520 1070 611 Ἀθηναῖοι

60 613 300 681 καταστάντων
320 634 379 700 σφι
396 640 434 683 ευ
423 606 518 735 ἤδη
539 620 607 683 τάν
617 619 823 704 πρηγμάτων
833 622 1069 700 πιστεύσαντες

60 705 148 777 εἶναι
160 705 289 797 άληδόα
300 709 512 795 ίδρυσαυτο
493 708 561 781 υπό
572 739 613 804 τη
598 710 910 799 άκροπόλιΠαυός
919 715 1006 806 ίρόν,
1014 723 1069 787 καὶ

59 833 168 877 αυτον
178 804 243 877 απο
252 807 374 896 ταυτης
384 835 442 897 της
449 806 749 902 αγγελίηςδυσίησι
756 812 984 885 έπετέονσικαι
992 824 1071 905 λαμ

58 905 143 975 πάδι
157 905 360 975 έλάσκουται.
372 905 469 975 (Τότε
482 910 519 977 66
528 908 727 1032 πεμφδελς’
709 908 776 979 υπό
791 919 860 980 τάν
874 923 1068 1002 στρατηγῶν
1085 933 1136 986 106

57 998 78 1071 6
93 995 375 1091 Φειδιππίδης
331 1029 446 1090 ουτος,
471 1002 526 1074 ὅτε
540 1008 603 1090 πέρ
617 1010 653 1074 οί
666 1011 799 1125 ἔφηκαὶ
812 1007 873 1076 τόν
885 1017 984 1078 Πάνα
1000 1039 1067 1098 φα-

56 1107 172 1187 νῆναι,
187 1103 379 1188 δευτεραίος
389 1103 426 1170 έκ
439 1109 501 1169 τοῦ
513 1100 740 1190 Ἀθηναίων’
717 1124 833 1185 αστεος
843 1132 887 1193 ην
899 1110 936 1176 έν
947 1109 1067 1195 Σπάρ-

56 1223 115 1288 τη,
131 1193 333 1284 ἀπικόμενος
344 1199 381 1266 δὲ
395 1199 448 1266 έπὶ
460 1195 547 1277 τοδς
545 1196 712 1286 άρηουτας
724 1207 832 1290 ἔλεγε
850 1197 889 1272 Ὦ
902 1210 1067 1273 Λακεδαι-

55 1294 188 1383 μόνιοι,
200 1291 374 1381 Ἀδηναῑοι
388 1293 503 1382 ὑμέων
514 1298 647 1365 δέονται
662 1306 757 1386 σφίσι
776 1305 931 1390 βοηθῆσαι
951 1307 1006 1372 καὶ
1021 1331 1065 1391 μη

55 1395 223 1477 περιιδείν
233 1389 367 1461 πόλιν’
347 1391 569 1481 αρχαιοτάτην
584 1395 622 1462 έν
631 1409 717 1464 τοῖσι
722 1394 858 1485 Ελλησι
875 1401 1067 1488 δουλοσύνῃ

55 1495 308 1574 περιπεσοῦσαν
318 1486 402 1578 προς
413 1487 549 1579 ανδρων
558 1492 758 1580 βαρβαρων
770 1493 947 1586 καλγαρ
905 1524 970 1566 νυν
979 1495 1068 1583 Ερε·

56 1588 135 1677 τριά
149 1613 186 1657 τε
198 1584 464 1676 ηνδραπόδισται
477 1593 533 1658 καὶ
548 1590 626 1660 πόλι
640 1589 802 1683 λογίμφ’
786 1620 806 1679 η
817 1591 933 1674 Ελλάς
948 1601 1067 1683 γέγονε

55 1684 294 1776 ἀσθενεστέρη.
312 1685 349 1757 0
365 1690 427 1774 μὲν
442 1688 484 1775 δη’
498 1710 560 1774 σφι
573 1714 614 1757 τα
601 1685 847 1777 ἐντεταλμένα
868 1689 1065 1779 ἀπήγγελλε,

53 1799 143 1855 τοῖσι
159 1786 196 1856 6
212 1788 289 1855 εαδε
305 1789 368 1875 μὲν
391 1783 486 1874 βωδέ
485 1810 533 1853 ειν
552 1784 770 1874 Ἀθηναίοισι,
788 1786 939 1856 άδάνατα
954 1792 994 1857 δέ
1005 1809 1066 1875 σφι

53 1875 101 1972 ἦν
121 1880 159 1953 τό
178 1891 367 1972 παραυτίκα
381 1885 508 1952 ποιέειν
526 1890 631 1952 ταῦτα
653 1882 694 1952 06
714 1887 951 1974 βουλομένοισι
971 1888 1065 1955 λύειν

53 1978 117 2051 τόν
130 1982 255 2069 νόμον·
276 1975 321 2072 ἦν
336 1981 402 2071 γάρ
417 1985 597 2070 ἱσταμένου
612 1988 673 2052 τοῦ
686 1978 791 2068 μηνός
805 1984 934 2072 εἰνάτη,
953 1986 1066 2074 εἰνάτη

55 2079 94 2149 δὲ
109 2075 173 2147 οὐκ
189 2078 423 2160 ἐξελεύσεσθαι
443 2087 574 2168 ἔφασαν
591 2077 636 2169 μὴ
653 2078 694 2148 06
715 2080 859 2168 πλήρεος
874 2082 987 2162 έόντος
1004 2088 1065 2150 τοῦ

24 2232 28 2239 .
54 2169 314 2254 κάκλουφοάτοι
324 2180 387 2266 μέν
401 2205 467 2247 υυν
481 2177 543 2267 τὴν
557 2180 769 2264 πανσέληνον
783 2184 913 2268 έμενον,
928 2195 1013 2249 τοῖσι
1029 2179 1065 2248 δὲ
1082 2199 1132 2253 107

53 2276 259 2366 βαρβάροισι
270 2282 446 2366 κατηγέετο
455 2276 583 2365 Ἱππίης
594 2275 863 2365 όΠεισιστράτου
873 2283 907 2358 ἐς
917 2275 977 2346 τὸν
984 2286 1066 2345 Μα-

54 2380 210 2464 ραδοῐυα,
222 2381 280 2462 τῆς
290 2378 533 2464 παροιχομένης
544 2371 667 2453 νυκτός
678 2372 758 2454 ὄψιν
769 2372 852 2442 ίδάν
863 2378 901 2445 έν
911 2382 956 2468 τῷ
967 2374 1064 2466 ὕπνῳ

53 2471 206 2560 τοιήνδε·
229 2474 342 2544 ἐδόκεε
357 2473 515 2563 ὁἹππίης
529 2482 569 2564 τῇ
583 2475 681 2561 μητρὶ
696 2479 737 2561 τῇ
751 2475 879 2543 ἑαυτοῦ
896 2495 1065 2562 συνευυη·

54 2578 171 2658 θῆναι.
195 2572 399 2660 συνεβάλετο
417 2564 466 2640 (όν
482 2576 518 2641 έκ
535 2578 596 2640 τοῦ
613 2568 748 2653 ὀνείρου
765 2569 941 2640 κατελδάν
956 2573 990 2650 ές
1006 2570 1064 2651 τάς

50 2663 198 2754 Ἀθήνας
213 2671 268 2737 καὶ
285 2665 545 2756 ἀνασωσάμενος
559 2666 621 2755 την
636 2664 741 2755 άρχὴν
753 2669 962 2757 τελευτήσειν
973 2673 1010 2740 έν
1024 2678 1064 2759 τῇ

54 2769 184 2836 ἑαυτοῦ
199 2768 346 2855 γηραιός.
370 2771 407 2837 έκ
420 2769 482 2855 μέν
497 2765 538 2854 δὴ
552 2774 611 2854 τῆς
624 2764 719 2846 ὄψιος
730 2765 933 2854 συνεβάλετο
947 2775 1062 2854 ταῦτα,

52 2864 129 2934 τότε
141 2866 177 2933 δέ
187 2866 430 2952 κατηγεόμενος
441 2870 539 2933 τοῦτο
551 2864 614 2951 μὲν
623 2860 664 2932 τά
672 2861 868 2952 άνδράποδα
878 2862 919 2933 τά
931 2868 963 2946 έξ
974 2863 1064 2950 'Eos--

53 2970 147 3051 τρίης
162 2960 307 3052 ἀπέβησε
328 2965 360 3041 ές
374 2960 437 3050 την
456 2968 562 3050 νῆσον
581 2959 644 3049 τὴν
657 2962 836 3048 Στυρέων,
857 2964 1063 3048 καλεομένην

53 3061 92 3130 66
106 3066 295 3148 Λίγίλειαυ,
317 3067 415 3128 τοῦτο
437 3062 473 3128 δὲ
490 3059 717 3145 καταγομένας
733 3062 765 3136 ές
782 3055 842 3124 τόν
857 3065 1062 3146 Μαραθῶνα

53 3156 114 3238 τάς
131 3160 208 3237 νέας
224 3156 344 3245 άρμιζε
357 3150 474 3245 οὗτος,
493 3158 656 3247 ἐκβάντας
666 3182 702 3226 τε
713 3159 746 3235 ές
758 3162 823 3243 γηυ
837 3153 916 3234 τοὺς
930 3157 1061 3244 βαρβά-

53 3283 137 3344 ρους
151 3257 310 3325 διέτασσε.
333 3261 393 3326 καί
405 3262 439 3327 oc
450 3264 555 3327 ταῦτα
570 3259 718 3327 διέποντι
733 3257 858 3342 ἐπῆλθε
873 3268 1012 3341 πταρεῖν
1026 3279 1061 3321 τε

52 3356 110 3424 καί
119 3356 218 3439 βῆξαι
230 3352 375 3438 μεζόνως
384 3349 406 3442 ἢ
415 3351 459 3434 ὡς
469 3353 585 3443 έοόδεε,
594 3350 647 3422 οἷα
659 3356 699 3422 δέ
705 3357 740 3422 oc
747 3355 959 3443 πρεσβυτέρῳ
971 3349 1061 3420 έόντι
