2378 3840
77 189 142 255 274
455 197 705 256 HERODOTI

10 369 61 424 118
74 356 185 425 λοιποὶ
205 352 274 439 ἅμα
290 358 395 442 Ξέρξη
415 353 628 425 ἀπικνέονται
649 359 682 433 ἐς
693 357 832 440 Σάρδις.
872 355 978 427 ἸΕστι
994 361 1036 428 δὲ
1052 364 1105 428 καλ

75 447 175 530 ἀλλος
192 450 251 519 ὅδε
267 453 366 538 λόγος
385 453 584 539 λεγόμενος,
605 448 649 530 ἀς
663 451 775 539 ἐπειδὴ
792 459 928 544 Ξέρξης
944 454 1103 526 ἀπελαύ-

74 575 146 617 νων
161 552 194 629 ἐξ
206 546 376 635 Ἀθηνέων
393 546 528 617 ἀπίκετο
544 545 596 616 ἐπ’
618 545 733 616 Ἠιόνα
747 547 810 636 τήν
827 554 886 620 ἐπὶ
901 553 1102 641 Στρυμόνι,

75 652 237 719 ἐνθεῦτεν
259 645 370 717 οὐκέτι
397 646 606 735 ὁδοιπορίῃσι
631 652 799 732 διεχρᾶτο,
831 648 927 719 ἀλλά
950 650 1021 738 τήν
1044 656 1103 739 μὲν

75 742 235 831 στρατιήν
244 742 398 828 Ὑδάρνεϊ
411 745 583 830 ἐπιτράπει
597 741 740 829 ἀπάγειν
756 747 790 823 ἐς
806 744 872 812 τόν
881 744 1103 836 Ἑλλήσπον-

74 869 152 931 τον,
167 841 267 922 αὐτὸς
279 841 311 911 δ’
324 847 377 913 ἐπὶ
390 841 467 922 νεός
479 848 658 928 Φοινίσσης
669 839 785 926 ε’πιβάς
796 843 980 930 ἐκομίζετο
994 848 1032 924 ἐς
1045 844 1102 932 τήν

71 937 193 1026 Ἀσίην.
226 940 382 1009 πλόοντα
398 943 438 1009 δέ
448 966 507 1026 μιν
522 938 648 1026 ἀνεμον
664 947 888 1028 Στρυμονίην
906 941 1099 1032 ὑπολαβεῖν

74 1041 181 1126 μέγαν
192 1042 246 1108 καί
256 1047 430 1127 ’κυματίην
452 1042 506 1108 καὶ
518 1043 564 1125 δή
564 1061 571 1071 ’
584 1045 712 1125 μᾶλλον
726 1038 837 1125 γάρτι
851 1050 1100 1129 χειμαίνεσθαι

73 1136 242 1222 γεμούσης
256 1144 314 1223 τῆς
327 1136 403 1216 νεός
421 1135 506 1205 ὥστε
523 1139 576 1204 έπλ
591 1141 653 1203 τοῦ
670 1137 966 1226 καταστρώματος
982 1143 1099 1212 ἐπεόν-

74 1263 143 1306 των
157 1243 290 1324 συχνῶν
304 1238 464 1324 Περσέων
479 1243 547 1304 τῶν
562 1232 627 1304 σάν
641 1238 747 1324 Ξέρξη
765 1243 1032 1325 κομιζομένων·
1050 1246 1098 1311 έν-

74 1343 186 1406 θαῦτα
201 1340 234 1416 ἐς
251 1342 347 1423 δεῖμα
366 1336 512 1404 πεσόντα
525 1333 586 1403 τόν
607 1338 744 1422 βασιλέα
759 1345 922 1421 εἴρεσθαι
938 1341 1098 1427 βώσαντα

74 1436 136 1505 τόν
150 1436 371 1524 κυβερνήτην,
389 1446 422 1504 εί
432 1462 482 1515 τις
493 1437 564 1503 ἐστί
576 1455 638 1520 σφι
651 1441 806 1521 σωτηρίη.
830 1441 893 1505 καὶ
905 1437 979 1507 τδν
996 1439 1096 1510 εἶπαι·

74 1535 240 1618 Δέσποτα,
257 1531 320 1601 οὐκ
333 1539 402 1602 ἐστι
420 1529 635 1620 οόδεμία,ήν
648 1530 693 1620 μή
704 1531 837 1600 τούτων
848 1530 1046 1626 ἀπαλλαγή
1055 1564 1096 1615 τις

72 1632 208 1719 γένηται
218 1635 287 1697 τῶν
295 1638 430 1700 πολλῶν
438 1632 629 1717 ἐπιβατέων
643 1631 986 1719 καλΞέρξηνλέγεται
997 1634 1096 1704 ἀκού-

73 1750 178 1798 σαντα
192 1734 296 1794 ταῦτα
311 1726 416 1796 εἶπαι·
436 1727 575 1813 ’Ἀνδρες
589 1730 734 1816 Πέρσαι,
750 1734 818 1794 νῦν
833 1755 889 1808 τις
906 1733 1096 1816 διαδεξάτω

72 1823 186 1912 δμέων
201 1828 356 1911 βασιλέος
369 1825 570 1912 κηδόμενος
593 1821 658 1893 ἐν’
641 1838 722 1911 υμῖν
736 1821 804 1912 γάρ
818 1823 895 1895 οἶκε
913 1831 999 1918 ἐμοὶ
1017 1829 1096 1901 εἶναι

73 1951 94 2009 η
81 1921 267 2008 σωτηρίη
293 1919 362 1989 Τόν
379 1922 441 2008 μὲν
453 1929 558 1990 ταῦτα
571 1922 691 2008 λέγειν,
707 1916 786 1999 τούς
796 1921 834 1990 δέ
849 1933 1093 2011 προσκυνέειν

73 2045 131 2097 τας
152 2020 300 2104 ἐκπηδαν
321 2017 405 2097 ές
368 2047 431 2107 την
450 2021 642 2105 θάλασσαν,
666 2016 804 2106 καλιήν
819 2023 885 2091 νέα
908 2027 1094 2116 έπιιιουφι-

74 2128 216 2185 σθεῖσαν
230 2116 318 2184 οὕτω
335 2115 375 2203 δή
394 2115 648 2204 ἀποσωθῆναιέ
648 2144 665 2196 ς
679 2143 741 2204 την
757 2114 886 2206 Ἀσίην.
922 2121 974 2203 ὡς
991 2128 1032 2194 δὲ
1046 2128 1094 2195 έκ-

73 2221 174 2303 βῆναι
188 2212 353 2300 τάχισταέ
354 2223 448 2302 ςγήν
463 2213 524 2283 τόν
537 2218 675 2302 Ξέρξην,
695 2221 833 2302 ποιήσαι
852 2220 1020 2290 τοιόνδε·
1049 2221 1094 2290 ὅτι

73 2314 135 2398 μὲν
145 2317 248 2380 ἔσωσε
259 2309 459 2400 βασιλέος
422 2339 486 2399 την
496 2309 616 2398 ψυχήν,
631 2313 851 2399 δωρήσασθαι
863 2319 1016 2413 χρυσέω
1025 2341 1093 2390 στε-

74 2411 172 2503 φάνω
192 2407 253 2478 τόν
274 2410 500 2498 κυβερνήτην,
527 2406 577 2477 ότι
593 2408 629 2476 δὲ
643 2409 803 2496 Περσέων
820 2415 1025 2496 πολλούς’
1003 2417 1093 2488 από-

7 2518 55 2572 119
72 2519 164 2594 λεσε,
186 2507 369 2597 ἀποταμεῖν
389 2507 454 2597 τήν
467 2506 619 2595 κεφαλήν
639 2506 753 2576 αὐτοῦ.
793 2503 913 2593 Οὗτος
936 2518 977 2587 δὲ
997 2517 1093 2598 ἀλλος

74 2607 203 2691 λέγεται
217 2607 316 2693 λόγος
328 2610 405 2692 περὶ
419 2633 480 2675 του
466 2605 627 2691 ’Ξέρξεω
641 2607 777 2693 νόστου,
793 2604 966 2698 οὐδαμως
982 2621 1093 2703 ἔμοιγε

73 2705 204 2788 πιστός,
227 2702 304 2770 οὔτε
312 2703 426 2782 άλλως
450 2705 527 2773 οὕτε
548 2730 585 2772 το
576 2700 763 2790 Περσέων
784 2711 888 2777 τοῦτο
906 2711 1041 2831 πάβος.
1070 2716 1094 2781 ιλ

71 2799 136 2886 γάρ
151 2799 192 2887 δή
208 2810 311 2868 ταῦτα
322 2800 412 2869 οὕτω
426 2828 441 2869 ε
442 2803 540 2888 ίρέθή
551 2805 588 2869 ἐκ
598 2827 660 2870 του
645 2799 894 2889 κυβερνήτεω
907 2806 1004 2896 πρὸς
1013 2809 1093 2898 ,περ-

73 2902 146 2988 ξην,
155 2901 192 2966 ἐν
206 2905 344 2987 μυρίησι
357 2898 509 2986 γνάμησι
519 2905 599 2985 μίαν
614 2897 676 2968 οὐκ
686 2905 749 2986 ἔχω
765 2897 1017 2992 ἀντίξοον,
969 2934 1021 2996 μη
1037 2904 1092 2977 οάι

73 2991 115 3060 δν
128 3003 263 3082 ποιήσαι
281 2995 419 3082 βασιλέα
432 2997 574 3085 τοιόνδε,
589 2996 668 3077 τοδς
677 2999 740 3084 μὲν
756 3000 793 3066 ἐκ
806 3006 874 3068 τοῦ
889 3006 1092 3093 καταστρέ-

72 3118 174 3175 ματος
185 3094 405 3179 καταβιβάσαι
416 3096 449 3172 ἐς
460 3121 498 3161 κο
500 3097 625 3181 ί’λην
587 3123 647 3165 νεα
659 3097 927 3186 ἐόνταςΠὲρσας
937 3106 1001 3172 καὶ
1007 3113 1092 3191 Περ-

73 3186 160 3255 σέων
176 3187 254 3268 τοδς
269 3188 439 3276 πρώτους,
459 3217 528 3259 των
549 3191 580 3259 δ’
601 3193 741 3280 ἐρετέων
761 3193 897 3265 ἐόντων
916 3206 1092 3271 Φοινίκων

72 3281 160 3364 ὅκως
175 3283 237 3353 οὐκ
252 3282 295 3353 ἀν
310 3296 385 3356 ἴσον
399 3296 529 3376 πλῆθος
550 3305 633 3359 τοῖσι
647 3292 799 3379 Πέρσησι
816 3293 966 3384 ἐξέβαλε
986 3297 1072 3381 ἐς
1036 3325 1091 3389 την

64 3386 255 3454 θάλασσαν.
291 3381 403 3456 ἀλλ’
392 3413 409 3457 0
435 3388 494 3478 μέν
473 3415 515 3477 ν,
539 3415 582 3468 ως
597 3392 652 3458 και
671 3388 843 3476 πρότερόν
865 3421 932 3480 μοι
950 3411 1091 3491 εἴρηται.
