2378 3840
344 216 429 271 ΗΒ.
463 215 497 269 V.
533 213 632 270 CAP.
665 219 805 273 43—49.
1033 211 1072 273 21

66 401 134 463 μου
158 371 327 460 Δωριεύς,
356 378 501 460 δοθῆναι
524 369 567 439 ἅν
593 375 628 439 ολ
645 371 875 459 πολλαπλήσια
895 366 916 459 ή
934 379 1072 460 Καλλίῃ.

65 480 172 541 ταῦτα
185 497 249 558 μεν
265 497 330 539 νυν
345 469 496 559 ἑκάτεροι
513 467 624 537 αὐτῶν
641 469 808 556 μαρτύρια
828 466 1076 555 ἀποφαίνονται

65 574 122 639 καὶ
146 569 302 655 πάρεστι,
328 565 517 654 ὁκοτέροισί
533 595 582 646 τις
602 574 753 636 πείθεται
775 564 904 655 αύτων,
926 570 1074 639 τούτοισι

66 671 302 754 προσχωρέειν.
348 669 556 736 Συνέπλωον
570 667 607 735 δὲ
617 669 745 755 Δωριέι·
757 670 812 734 καὶ
828 666 923 737 άλλοι
937 678 1074 755 συγκτί-
1088 679 1123 734 46

66 787 142 833 σται
160 769 416 852 Σπαρτιητέων,
437 763 607 844 Θεσσαλὸς
628 770 683 834 καί
696 765 912 854 Παραιβάτης
935 772 989 837 καὶ
1007 775 1076 836 Κε-

67 869 143 950 λέης
158 868 214 933 καὶ
228 862 430 952 Εὐρυλέων,
453 872 489 933 οἳ
503 860 614 933 έπείτε
635 863 793 933 ἀπίκοντο
809 867 907 933 παντὶ
922 866 1028 956 στόλῳ
1044 869 1077 945 ἐς

67 961 130 1050 τήν
144 969 323 1050 Σικελίην,
346 961 522 1031 άπέθανον
538 962 625 1050 μάχη
641 966 845 1042 ἑσσωθέντες
859 962 926 1032 ὑπό
940 991 976 1032 τε
993 973 1076 1033 Φοι-

66 1069 174 1131 νίκων
184 1064 240 1131 καὶ
250 1060 462 1149 Ἐγεσταίων·
484 1069 610 1149 μοῦνος
622 1064 660 1131 δέ
668 1089 707 1149 γε
718 1058 901 1149 Εὐρυλέων
913 1070 981 1131 των
992 1084 1077 1149 συγ-

66 1164 227 1228 κτιστέων
242 1164 452 1248 περιεγένετο
465 1161 588 1230 τούτου
603 1167 664 1228 τοῦ
679 1161 816 1240 πάθεος.
844 1158 1024 1249 συλλαβών
1039 1161 1076 1228 δὲ

69 1251 168 1337 ούτος
186 1267 245 1345 τῆς
266 1266 421 1348 στρατιῆς
439 1256 519 1337 τούς
539 1259 819 1346 περιγενομένους
839 1265 912 1346 έσχε
930 1258 1076 1346 Μινύην

68 1355 131 1446 τήν
141 1366 374 1427 Σελινουσίων
391 1356 559 1445 άποικίην,
575 1360 630 1425 καλ
643 1361 899 1445 συνηλενθέρου
909 1367 1077 1427 Σελινου-

68 1463 164 1536 σίους
178 1464 238 1524 τοῦ
254 1458 452 1544 μουνάρχου
465 1457 695 1544 Πειθαγόρεω.
722 1452 804 1543 μετά
820 1457 873 1545 δὲ,
896 1453 941 1536 ὡς
955 1465 1076 1526 τοῦτον

68 1563 215 1640 κατεῖλε,
236 1553 337 1634 αύτδς
358 1559 533 1643 τυραννίδι
556 1556 746 1642 ἐπεχείρησε
759 1563 1000 1643 Σελινοῦντος,
1022 1557 1077 1623 καὶ

69 1651 300 1740 ἐμουνάρχησε
313 1654 437 1740 χρόνον
451 1649 503 1720 ἐπ’
516 1649 647 1738 ὀλίγον·
671 1657 706 1720 οί
713 1655 778 1741 γάρ
790 1681 849 1739 μιν
860 1645 1077 1723 Σελινούσιοι

71 1751 315 1833 ἐπαναστάντες
337 1752 535 1824 ἀπέκτειναν
559 1754 797 1840 καταφυγόντα
818 1758 871 1824 έπί
892 1755 976 1836 Διὸς
994 1754 1076 1842 άγο-

72 1858 170 1934 ραίου
191 1852 316 1940 βωμόν.
368 1857 561 1921 Συνέσπετο
583 1854 619 1918 δὲ
639 1856 766 1935 Δωριέλ
783 1857 839 1920 καὶ
860 1856 1075 1923 συναπέθανε
1090 1862 1124 1918 47

72 1956 238 2029 Φίλιππος
259 1948 277 2018 δ
298 1957 511 2021 Βουτακίδεω
531 1951 767 2037 Κροτωνιήτης
788 1948 891 2040 άνήρ,
911 1949 949 2031 δς
970 1949 1077 2040 ἁρμο-

72 2047 216 2135 σάμενος
248 2049 378 2136 Τήλυος
402 2059 462 2119 τοῦ
490 2056 686 2138 Συβαρίτεω
710 2054 882 2137 θυγατέρα
910 2058 1015 2140 ἔφυγε
1040 2055 1076 2120 ἐκ

73 2147 267 2234 Κρότωνος,
282 2155 442 2229 ψευσθεὶς
456 2153 491 2218 δὲ
506 2157 565 2216 τοῦ
580 2149 691 2237 γάμου
703 2158 808 2234 οίχετο
823 2149 947 2219 πλοίων
960 2154 994 2231 ές·
1005 2159 1078 2219 Κυ-

71 2245 197 2334 ρήνην,
220 2249 256 2314 έκ
278 2247 399 2334 ταύτης
421 2247 458 2316 δὲ
480 2246 684 2335 ὁρμεόμενος
705 2252 887 2317 συνέσπετο
913 2256 1022 2339 οίκηίη
1042 2275 1077 2317 τε

71 2343 203 2431 τριήρεϊ
216 2346 271 2412 καὶ
285 2351 395 2434 οίκηίη
410 2342 546 2428 ἀνδρῶν
562 2344 713 2434 δαπάνη,
736 2346 801 2413 έύν
815 2373 851 2414 τε
864 2344 1078 2435 Ὀλυμπιονί-

72 2468 133 2527 κης
155 2444 210 2508 καὶ
226 2441 401 2521 κάλλιστος
416 2441 586 2530 Ἑλλήνων
607 2448 675 2510 τῶν
695 2439 769 2510 κατ’
796 2444 932 2513 ἑωυτόν.
962 2442 1017 2512 διά
1042 2446 1077 2511 δὲ

72 2537 109 2606 τδ
126 2541 253 2607 ἑαυτοῦ
273 2540 396 2619 κάλλος
415 2539 569 2628 ήνείκατο
589 2536 680 2625 παρά
698 2539 894 2626 Ἐγεσταίων
909 2541 950 2609 τά
967 2538 1078 2620 οὐδεὶς

72 2635 189 2717 άλλος·
213 2641 265 2707 ἐπὶ
283 2638 348 2727 γάρ
371 2645 432 2710 τοῦ
452 2637 564 2724 τάφου
586 2637 690 2707 αὐτοῦ
710 2635 838 2726 ήροέιον
860 2638 1078 2728 ίδρυσάμενοι

72 2744 214 2826 θνσίησι
233 2734 338 2807 αύτδν
360 2738 562 2807 ἱλάσκονται.
613 2735 768 2825 Δωριεύς
792 2741 855 2825 μέν
877 2766 943 2807 νυν
963 2737 1075 2830 τρόπῳ
1091 2749 1125 2803 48

73 2834 215 2926 τοιούτῳ
230 2836 436 2924 ἐτελεύτησε·
456 2843 485 2904 εί
501 2835 537 2904 δὲ
558 2833 713 2922 ήνέσχετο
734 2839 996 2926 βασιλευόμενος
1010 2835 1076 2906 ὑπδ

76 2933 281 3021 Κλεομένεος
293 2939 348 3004 καὶ
361 2939 518 3023 κατέμενε
534 2938 571 3004 έν
585 2936 742 3024 Σπάρτη,
763 2941 934 3024 έβασίλενε
948 2933 992 3004 άν
1008 2947 1079 3004 Λα-

73 3037 287 3119 κεδαίμονος·
316 3033 358 3102 ού
371 3036 436 3122 γάρ
458 3061 533 3103 τινα
549 3034 676 3104 πολλὸν
697 3036 820 3122 χρόνον
836 3028 915 3123 ήρξε
935 3033 952 3102 ὁ
974 3041 1080 3102 Κλεο-

72 3136 191 3223 μένης,
214 3131 288 3203 άλλ’
312 3133 463 3204 άπέθαυε
480 3135 596 3220 άπαις,
619 3141 790 3221 θυγατέρα
806 3135 938 3222 μούνην
959 3131 1078 3220 λιπων,

73 3236 114 3318 τῇ
129 3229 259 3319 οὕνομα
272 3225 317 3320 ήν
332 3235 458 3321 Γοργώ.

156 3327 359 3401 Ἀπικνέεται
371 3332 403 3401 δ’
417 3326 467 3400 οἷν
478 3331 496 3401 ὁ
509 3331 744 3420 Ἀρισταγόρης
754 3332 772 3401 ὁ
784 3334 941 3422 Μιλήτου
951 3334 1078 3421 τύραν-
1092 3345 1128 3398 49

73 3459 133 3511 νος
148 3434 182 3510 ἐς
195 3428 257 3519 τήν
273 3433 436 3519 Σπάρτην
452 3437 658 3520 Κλεομένεος
675 3441 807 3520 ἔχοντος
821 3431 883 3522 τήν
898 3433 1020 3522 άρχήν,
1035 3441 1080 3524 τῷ
