<?xml version="1.0" encoding="UTF-8"?>
<!DOCTYPE html PUBLIC "-//W3C//DTD XHTML 1.0 Transitional//EN"
    "http://www.w3.org/TR/xhtml1/DTD/xhtml1-transitional.dtd">
<html xmlns="http://www.w3.org/1999/xhtml" xml:lang="en" lang="en">
 <head>
  <title>
</title>
<meta http-equiv="Content-Type" content="text/html;charset=utf-8" />
  <meta name='ocr-system' content='tesseract 3.04.00' />
  <meta name='ocr-capabilities' content='ocr_page ocr_carea ocr_par ocr_line ocrx_word'/>
</head>
<body>
  <div class='ocr_page' id='page_1' title='image "./herodotihistori01herogoog_0184.png"; bbox 0 0 2378 3840; ppageno 0'>
   <div class='ocr_carea' id='block_1_1' title="bbox 337 175 1073 240">
    <p class='ocr_par' dir='ltr' id='par_1_1' title="bbox 337 175 1073 240">
     <span class='ocr_line' id='line_1_1' title="bbox 337 175 1073 240; baseline 0.005 -5"><span class='ocrx_word' id='word_1_1' title='bbox 337 179 422 235; x_wconf 86' lang='lat' dir='ltr'><strong>LIB.</strong></span> <span class='ocrx_word' id='word_1_2' title='bbox 453 177 512 236; x_wconf 86' lang='lat' dir='ltr'><strong>Vll.</strong></span> <span class='ocrx_word' id='word_1_3' title='bbox 549 175 648 234; x_wconf 63' lang='lat'>031⁹.</span> <span class='ocrx_word' id='word_1_4' title='bbox 677 179 811 238; x_wconf 74' lang='lat'><strong>89-96.</strong></span> <span class='ocrx_word' id='word_1_5' title='bbox 1016 176 1073 240; x_wconf 81' lang='lat'><strong><em>161</em></strong></span> 
     </span>
    </p>
   </div>
   <div class='ocr_carea' id='block_1_2' title="bbox 60 331 1176 3360">
    <p class='ocr_par' dir='ltr' id='par_1_2' title="bbox 60 331 1176 3360">
     <span class='ocr_line' id='line_1_2' title="bbox 69 331 1075 423; baseline 0.001 -17"><span class='ocrx_word' id='word_1_6' title='bbox 69 340 126 407; x_wconf 80' lang='grc' dir='ltr'><strong><em>καὶ</em></strong></span> <span class='ocrx_word' id='word_1_7' title='bbox 145 333 404 423; x_wconf 74' lang='grc' dir='ltr'><strong><em>κνημιδοφόροι,</em></strong></span> <span class='ocrx_word' id='word_1_8' title='bbox 428 332 517 421; x_wconf 76' lang='grc' dir='ltr'><strong><em>εἶχον</em></strong></span> <span class='ocrx_word' id='word_1_9' title='bbox 539 333 576 401; x_wconf 77' lang='grc' dir='ltr'><strong><em>δέ</em></strong></span> <span class='ocrx_word' id='word_1_10' title='bbox 592 331 671 413; x_wconf 87' lang='grc' dir='ltr'><strong><em>τόξα</em></strong></span> <span class='ocrx_word' id='word_1_11' title='bbox 693 335 852 419; x_wconf 82' lang='grc' dir='ltr'><strong><em>κρανέινα</em></strong></span> <span class='ocrx_word' id='word_1_12' title='bbox 869 339 924 404; x_wconf 78' lang='grc' dir='ltr'><strong><em>καὶ</em></strong></span> <span class='ocrx_word' id='word_1_13' title='bbox 944 333 1075 420; x_wconf 73' lang='grc' dir='ltr'><strong><em>ὀϊστοὺς</em></strong></span> 
     </span>
     <span class='ocr_line' id='line_1_3' title="bbox 71 429 1073 523; baseline -0.003 -18"><span class='ocrx_word' id='word_1_14' title='bbox 71 436 281 523; x_wconf 85' lang='grc' dir='ltr'><strong><em>καλαμίνους</em></strong></span> <span class='ocrx_word' id='word_1_15' title='bbox 291 432 455 521; x_wconf 79' lang='grc' dir='ltr'><strong><em>ἀπτέρους</em></strong></span> <span class='ocrx_word' id='word_1_16' title='bbox 469 434 524 500; x_wconf 83' lang='grc' dir='ltr'><strong><em>καλ</em></strong></span> <span class='ocrx_word' id='word_1_17' title='bbox 535 429 691 518; x_wconf 74' lang='grc' dir='ltr'><strong><em>ἀκόντια,</em></strong></span> <span class='ocrx_word' id='word_1_18' title='bbox 708 435 760 500; x_wconf 79' lang='grc' dir='ltr'><strong><em>ἐπὶ</em></strong></span> <span class='ocrx_word' id='word_1_19' title='bbox 772 434 808 500; x_wconf 74' lang='grc' dir='ltr'><strong><em>δὲ</em></strong></span> <span class='ocrx_word' id='word_1_20' title='bbox 822 431 916 520; x_wconf 87' lang='grc' dir='ltr'><strong><em>αίγός</em></strong></span> <span class='ocrx_word' id='word_1_21' title='bbox 930 437 1073 523; x_wconf 70' lang='grc' dir='ltr'><strong><em>δέρματα</em></strong></span> 
     </span>
     <span class='ocr_line' id='line_1_4' title="bbox 70 530 1074 622; baseline 0.001 -20"><span class='ocrx_word' id='word_1_22' title='bbox 70 537 145 622; x_wconf 77' lang='grc' dir='ltr'><strong><em>περὶ</em></strong></span> <span class='ocrx_word' id='word_1_23' title='bbox 159 530 239 612; x_wconf 80' lang='grc' dir='ltr'><strong><em>τούς</em></strong></span> <span class='ocrx_word' id='word_1_24' title='bbox 251 530 362 619; x_wconf 83' lang='grc' dir='ltr'><strong><em>όμονς</em></strong></span> <span class='ocrx_word' id='word_1_25' title='bbox 372 530 599 618; x_wconf 87' lang='grc' dir='ltr'><strong><em>αίωρεόμενα,</em></strong></span> <span class='ocrx_word' id='word_1_26' title='bbox 615 533 691 616; x_wconf 76' lang='grc' dir='ltr'><strong><em>περὶ</em></strong></span> <span class='ocrx_word' id='word_1_27' title='bbox 705 532 741 599; x_wconf 70' lang='grc' dir='ltr'><strong><em>δέ</em></strong></span> <span class='ocrx_word' id='word_1_28' title='bbox 754 537 829 620; x_wconf 82' lang='grc' dir='ltr'><strong><em>τήσι</em></strong></span> <span class='ocrx_word' id='word_1_29' title='bbox 841 539 1005 622; x_wconf 76' lang='grc' dir='ltr'><strong><em>κεφαλῇσι</em></strong></span> <span class='ocrx_word' id='word_1_30' title='bbox 1018 541 1074 604; x_wconf 89' lang='grc' dir='ltr'><strong><em>πί-</em></strong></span> 
     </span>
     <span class='ocr_line' id='line_1_5' title="bbox 70 630 1075 719; baseline 0 -19"><span class='ocrx_word' id='word_1_31' title='bbox 70 641 150 711; x_wconf 86' lang='grc' dir='ltr'><strong><em>λους</em></strong></span> <span class='ocrx_word' id='word_1_32' title='bbox 170 643 320 719; x_wconf 75' lang='grc' dir='ltr'><strong><em>πτεροῖσι</em></strong></span> <span class='ocrx_word' id='word_1_33' title='bbox 340 630 732 714; x_wconf 88' lang='grc' dir='ltr'><strong><em>περιεστεφανωμένους,</em></strong></span> <span class='ocrx_word' id='word_1_34' title='bbox 763 631 941 716; x_wconf 71' lang='grc' dir='ltr'><strong><em>ἐγχειρίδια</em></strong></span> <span class='ocrx_word' id='word_1_35' title='bbox 964 632 1001 698; x_wconf 80' lang='grc' dir='ltr'><strong><em>ιλέ</em></strong></span> <span class='ocrx_word' id='word_1_36' title='bbox 1021 633 1075 700; x_wconf 75' lang='grc' dir='ltr'><strong><em>καὶ</em></strong></span> 
     </span>
     <span class='ocr_line' id='line_1_6' title="bbox 69 724 1075 816; baseline 0.003 -20"><span class='ocrx_word' id='word_1_37' title='bbox 69 730 219 814; x_wconf 78' lang='grc' dir='ltr'><strong><em>δρέπανα</em></strong></span> <span class='ocrx_word' id='word_1_38' title='bbox 233 725 331 814; x_wconf 82' lang='grc' dir='ltr'><strong><em>εἶχον.</em></strong></span> <span class='ocrx_word' id='word_1_39' title='bbox 354 724 476 794; x_wconf 90' lang='grc' dir='ltr'><strong><em>Λόκιοι</em></strong></span> <span class='ocrx_word' id='word_1_40' title='bbox 488 727 525 794; x_wconf 75' lang='grc' dir='ltr'><strong><em>δὲ</em></strong></span> <span class='ocrx_word' id='word_1_41' title='bbox 539 731 698 812; x_wconf 75' lang='grc' dir='ltr'><strong><em>Τερμίλαι</em></strong></span> <span class='ocrx_word' id='word_1_42' title='bbox 709 727 883 794; x_wconf 75' lang='grc' dir='ltr'><strong><em>ἐκαλέοντο</em></strong></span> <span class='ocrx_word' id='word_1_43' title='bbox 895 731 932 796; x_wconf 90' lang='grc' dir='ltr'><strong><em>ἐκ</em></strong></span> <span class='ocrx_word' id='word_1_44' title='bbox 943 729 1075 816; x_wconf 81' lang='grc' dir='ltr'><strong><em>Κρήτης</em></strong></span> 
     </span>
     <span class='ocr_line' id='line_1_7' title="bbox 69 821 1075 915; baseline 0.004 -23"><span class='ocrx_word' id='word_1_45' title='bbox 69 824 259 912; x_wconf 78' lang='grc' dir='ltr'><strong><em>γεγονότες,</em></strong></span> <span class='ocrx_word' id='word_1_46' title='bbox 281 826 335 893; x_wconf 83' lang='grc' dir='ltr'><strong><em>ἐπί</em></strong></span> <span class='ocrx_word' id='word_1_47' title='bbox 357 823 395 892; x_wconf 78' lang='grc' dir='ltr'><strong><em>δέ</em></strong></span> <span class='ocrx_word' id='word_1_48' title='bbox 408 821 527 892; x_wconf 86' lang='grc' dir='ltr'><strong><em>Λόκου</em></strong></span> <span class='ocrx_word' id='word_1_49' title='bbox 548 830 608 891; x_wconf 87' lang='grc' dir='ltr'><strong><em>τοῦ</em></strong></span> <span class='ocrx_word' id='word_1_50' title='bbox 624 828 814 904; x_wconf 79' lang='grc' dir='ltr'><strong><em>Πανδίονος</em></strong></span> <span class='ocrx_word' id='word_1_51' title='bbox 835 823 958 915; x_wconf 76' lang='grc' dir='ltr'><strong><em>ἀνδρὸς</em></strong></span> <span class='ocrx_word' id='word_1_52' title='bbox 974 826 1075 914; x_wconf 88' lang='grc' dir='ltr'><strong><em>Ἀθη-</em></strong></span> 
     </span>
     <span class='ocr_line' id='line_1_8' title="bbox 68 917 1121 1014; baseline 0.007 -24"><span class='ocrx_word' id='word_1_53' title='bbox 68 928 168 992; x_wconf 89' lang='grc' dir='ltr'><strong><em>ναίου</em></strong></span> <span class='ocrx_word' id='word_1_54' title='bbox 182 926 279 1008; x_wconf 81' lang='grc' dir='ltr'><strong><em>ἐσχον</em></strong></span> <span class='ocrx_word' id='word_1_55' title='bbox 292 917 355 1008; x_wconf 86' lang='grc' dir='ltr'><strong><em>τήν</em></strong></span> <span class='ocrx_word' id='word_1_56' title='bbox 370 923 573 1008; x_wconf 87' lang='grc' dir='ltr'><strong><em>ἐπωνυμίην.</em></strong></span> <span class='ocrx_word' id='word_1_57' title='bbox 596 925 744 1009; x_wconf 80' lang='grc' dir='ltr'><strong><em>Δωριέες</em></strong></span> <span class='ocrx_word' id='word_1_58' title='bbox 755 924 790 992; x_wconf 76' lang='grc' dir='ltr'><strong><em>δέ</em></strong></span> <span class='ocrx_word' id='word_1_59' title='bbox 805 929 840 993; x_wconf 84' lang='grc' dir='ltr'><strong><em>οί</em></strong></span> <span class='ocrx_word' id='word_1_60' title='bbox 849 927 885 993; x_wconf 89' lang='grc' dir='ltr'><strong><em>ἐκ</em></strong></span> <span class='ocrx_word' id='word_1_61' title='bbox 899 932 957 1012; x_wconf 85' lang='grc' dir='ltr'><strong><em>τῆς</em></strong></span> <span class='ocrx_word' id='word_1_62' title='bbox 966 925 1073 1014; x_wconf 84' lang='grc' dir='ltr'><strong><em>Ἀσίης</em></strong></span> <span class='ocrx_word' id='word_1_63' title='bbox 1088 942 1121 997; x_wconf 78' lang='lat'><strong><em>93</em></strong></span> 
     </span>
     <span class='ocr_line' id='line_1_9' title="bbox 68 1018 1168 1110; baseline 0.006 -24"><span class='ocrx_word' id='word_1_64' title='bbox 68 1018 246 1107; x_wconf 78' lang='grc' dir='ltr'><strong><em>τριήκοντα</em></strong></span> <span class='ocrx_word' id='word_1_65' title='bbox 262 1022 458 1105; x_wconf 81' lang='grc' dir='ltr'><strong><em>παρείχοντο</em></strong></span> <span class='ocrx_word' id='word_1_66' title='bbox 479 1018 573 1105; x_wconf 87' lang='grc' dir='ltr'><strong><em>νέας,</em></strong></span> <span class='ocrx_word' id='word_1_67' title='bbox 600 1023 728 1106; x_wconf 79' lang='grc' dir='ltr'><strong><em>ἔχοντές</em></strong></span> <span class='ocrx_word' id='word_1_68' title='bbox 744 1046 780 1088; x_wconf 87' lang='grc' dir='ltr'><strong><em>τε</em></strong></span> <span class='ocrx_word' id='word_1_69' title='bbox 796 1018 969 1110; x_wconf 79' lang='grc' dir='ltr'><strong><em>Ἑλληνικὰ</em></strong></span> <span class='ocrx_word' id='word_1_70' title='bbox 988 1024 1074 1094; x_wconf 85' lang='grc' dir='ltr'><strong><em>ὅπλα</em></strong></span> <span class='ocrx_word' id='word_1_71' title='bbox 1165 1025 1168 1032; x_wconf 68' lang='grc'>’</span> 
     </span>
     <span class='ocr_line' id='line_1_10' title="bbox 69 1113 1073 1210; baseline 0.004 -23"><span class='ocrx_word' id='word_1_72' title='bbox 69 1121 125 1188; x_wconf 80' lang='grc' dir='ltr'><strong><em>καὶ</em></strong></span> <span class='ocrx_word' id='word_1_73' title='bbox 134 1116 310 1204; x_wconf 84' lang='grc' dir='ltr'><strong><em>γεγονότες</em></strong></span> <span class='ocrx_word' id='word_1_74' title='bbox 320 1113 385 1186; x_wconf 82' lang='grc' dir='ltr'><strong><em>όπό</em></strong></span> <span class='ocrx_word' id='word_1_75' title='bbox 393 1114 667 1204; x_wconf 89' lang='grc' dir='ltr'><strong><em>Πελοποννήσου.</em></strong></span> <span class='ocrx_word' id='word_1_76' title='bbox 686 1123 797 1203; x_wconf 84' lang='grc' dir='ltr'><strong><em>Κᾶρες</em></strong></span> <span class='ocrx_word' id='word_1_77' title='bbox 806 1119 841 1188; x_wconf 73' lang='grc' dir='ltr'><strong><em>δέ</em></strong></span> <span class='ocrx_word' id='word_1_78' title='bbox 848 1122 1073 1210; x_wconf 76' lang='grc' dir='ltr'><strong><em>ἐβδομήκοντα</em></strong></span> 
     </span>
     <span class='ocr_line' id='line_1_11' title="bbox 69 1211 1176 1305; baseline 0.002 -19"><span class='ocrx_word' id='word_1_79' title='bbox 69 1221 268 1304; x_wconf 81' lang='grc' dir='ltr'><strong><em>παρείχοντο</em></strong></span> <span class='ocrx_word' id='word_1_80' title='bbox 282 1218 368 1301; x_wconf 85' lang='grc' dir='ltr'><strong><em>νέας,</em></strong></span> <span class='ocrx_word' id='word_1_81' title='bbox 384 1213 424 1283; x_wconf 77' lang='grc' dir='ltr'><strong><em>τό</em></strong></span> <span class='ocrx_word' id='word_1_82' title='bbox 440 1214 503 1302; x_wconf 76' lang='grc' dir='ltr'><strong><em>μὲν</em></strong></span> <span class='ocrx_word' id='word_1_83' title='bbox 518 1211 603 1283; x_wconf 77' lang='grc' dir='ltr'><strong><em>ἄλλα</em></strong></span> <span class='ocrx_word' id='word_1_84' title='bbox 622 1213 770 1305; x_wconf 80' lang='grc' dir='ltr'><strong><em>κατάπερ</em></strong></span> <span class='ocrx_word' id='word_1_85' title='bbox 784 1213 941 1305; x_wconf 83' lang='grc' dir='ltr'><strong><em>Ἕλληνες</em></strong></span> <span class='ocrx_word' id='word_1_86' title='bbox 958 1225 1073 1293; x_wconf 84' lang='grc' dir='ltr'><strong><em>ἐσταλ-</em></strong></span> <span class='ocrx_word' id='word_1_87' title='bbox 1174 1285 1176 1288; x_wconf 19' lang='lat'><em>⁴</em></span> 
     </span>
     <span class='ocr_line' id='line_1_12' title="bbox 68 1312 1073 1404; baseline 0.005 -18"><span class='ocrx_word' id='word_1_88' title='bbox 68 1320 181 1404; x_wconf 85' lang='grc' dir='ltr'><strong><em>μένοι,</em></strong></span> <span class='ocrx_word' id='word_1_89' title='bbox 205 1313 294 1401; x_wconf 81' lang='grc' dir='ltr'><strong><em>εἶχον</em></strong></span> <span class='ocrx_word' id='word_1_90' title='bbox 313 1318 349 1384; x_wconf 76' lang='grc' dir='ltr'><strong><em>δέ</em></strong></span> <span class='ocrx_word' id='word_1_91' title='bbox 369 1319 424 1385; x_wconf 78' lang='grc' dir='ltr'><strong><em>καὶ</em></strong></span> <span class='ocrx_word' id='word_1_92' title='bbox 440 1317 591 1402; x_wconf 78' lang='grc' dir='ltr'><strong><em>δρέπανα</em></strong></span> <span class='ocrx_word' id='word_1_93' title='bbox 612 1317 667 1383; x_wconf 80' lang='grc' dir='ltr'><strong><em>καὶ</em></strong></span> <span class='ocrx_word' id='word_1_94' title='bbox 684 1316 870 1404; x_wconf 78' lang='grc' dir='ltr'><strong><em>ἐγχειρίδια.</em></strong></span> <span class='ocrx_word' id='word_1_95' title='bbox 913 1312 1016 1389; x_wconf 80' lang='grc' dir='ltr'><strong><em>Οὗτοι</em></strong></span> <span class='ocrx_word' id='word_1_96' title='bbox 1037 1326 1073 1390; x_wconf 75' lang='grc' dir='ltr'><strong><em>δέ</em></strong></span> 
     </span>
     <span class='ocr_line' id='line_1_13' title="bbox 68 1412 1073 1502; baseline 0.005 -20"><span class='ocrx_word' id='word_1_97' title='bbox 68 1416 188 1492; x_wconf 80' lang='grc' dir='ltr'><strong><em>οἵτινες</em></strong></span> <span class='ocrx_word' id='word_1_98' title='bbox 202 1412 369 1500; x_wconf 91' lang='grc' dir='ltr'><strong><em>πρότερον</em></strong></span> <span class='ocrx_word' id='word_1_99' title='bbox 384 1415 577 1500; x_wconf 87' lang='grc' dir='ltr'><strong><em>ἐκαλέοντο,</em></strong></span> <span class='ocrx_word' id='word_1_100' title='bbox 600 1414 638 1481; x_wconf 93' lang='grc' dir='ltr'><strong><em>ἐν</em></strong></span> <span class='ocrx_word' id='word_1_101' title='bbox 652 1427 737 1481; x_wconf 81' lang='grc' dir='ltr'><strong><em>τοῖσι</em></strong></span> <span class='ocrx_word' id='word_1_102' title='bbox 750 1413 910 1502; x_wconf 82' lang='grc' dir='ltr'><strong><em>πρότοισι</em></strong></span> <span class='ocrx_word' id='word_1_103' title='bbox 932 1425 1000 1486; x_wconf 80' lang='grc' dir='ltr'><strong><em>τῶν</em></strong></span> <span class='ocrx_word' id='word_1_104' title='bbox 1014 1419 1073 1489; x_wconf 91' lang='grc' dir='ltr'><strong><em>λό-</em></strong></span> 
     </span>
     <span class='ocr_line' id='line_1_14' title="bbox 68 1507 1119 1602; baseline 0.008 -23"><span class='ocrx_word' id='word_1_105' title='bbox 68 1537 139 1598; x_wconf 90' lang='grc' dir='ltr'><strong><em>γων</em></strong></span> <span class='ocrx_word' id='word_1_106' title='bbox 153 1521 287 1599; x_wconf 75' lang='grc' dir='ltr'><strong><em>εἴρηται.</em></strong></span> <span class='ocrx_word' id='word_1_107' title='bbox 300 1510 414 1592; x_wconf 84' lang='grc' dir='ltr'><strong><em>Ἴωνες</em></strong></span> <span class='ocrx_word' id='word_1_108' title='bbox 429 1511 466 1580; x_wconf 56' lang='lat' dir='ltr'><strong><em>a}</em></strong></span> <span class='ocrx_word' id='word_1_109' title='bbox 481 1507 602 1581; x_wconf 83' lang='grc' dir='ltr'><strong><em>ἐκατόν</em></strong></span> <span class='ocrx_word' id='word_1_110' title='bbox 615 1515 692 1591; x_wconf 84' lang='grc' dir='ltr'><strong><em>νέας</em></strong></span> <span class='ocrx_word' id='word_1_111' title='bbox 705 1518 919 1602; x_wconf 90' lang='grc' dir='ltr'><strong><em>παρείχοντο,</em></strong></span> <span class='ocrx_word' id='word_1_112' title='bbox 934 1518 1073 1585; x_wconf 85' lang='grc' dir='ltr'><strong><em>ἐσκευα·</em></strong></span> <span class='ocrx_word' id='word_1_113' title='bbox 1087 1534 1119 1587; x_wconf 66' lang='lat'><strong><em>94</em></strong></span> 
     </span>
     <span class='ocr_line' id='line_1_15' title="bbox 65 1605 1073 1698; baseline 0.007 -21"><span class='ocrx_word' id='word_1_114' title='bbox 65 1610 182 1697; x_wconf 85' lang='grc' dir='ltr'><strong><em>σμένοι</em></strong></span> <span class='ocrx_word' id='word_1_115' title='bbox 197 1605 414 1697; x_wconf 79' lang='grc' dir='ltr'><strong><em>ὧςἝλληνες.</em></strong></span> <span class='ocrx_word' id='word_1_116' title='bbox 431 1607 543 1689; x_wconf 79' lang='grc' dir='ltr'><strong><em>Ἴωνες</em></strong></span> <span class='ocrx_word' id='word_1_117' title='bbox 558 1611 595 1678; x_wconf 77' lang='grc' dir='ltr'><strong><em>δέ</em></strong></span> <span class='ocrx_word' id='word_1_118' title='bbox 610 1609 692 1678; x_wconf 85' lang='grc' dir='ltr'><strong><em>ὅσον</em></strong></span> <span class='ocrx_word' id='word_1_119' title='bbox 708 1610 771 1696; x_wconf 82' lang='grc' dir='ltr'><strong><em>μέν</em></strong></span> <span class='ocrx_word' id='word_1_120' title='bbox 783 1611 908 1698; x_wconf 85' lang='grc' dir='ltr'><strong><em>χρόνον</em></strong></span> <span class='ocrx_word' id='word_1_121' title='bbox 918 1617 955 1682; x_wconf 89' lang='grc' dir='ltr'><strong><em>ἐν</em></strong></span> <span class='ocrx_word' id='word_1_122' title='bbox 964 1622 1073 1684; x_wconf 87' lang='grc' dir='ltr'><strong><em>Πελο-</em></strong></span> 
     </span>
     <span class='ocr_line' id='line_1_16' title="bbox 66 1706 1073 1800; baseline 0.003 -25"><span class='ocrx_word' id='word_1_123' title='bbox 66 1708 224 1800; x_wconf 74' lang='grc' dir='ltr'><strong><em>ποννήσῳ</em></strong></span> <span class='ocrx_word' id='word_1_124' title='bbox 239 1718 351 1778; x_wconf 86' lang='grc' dir='ltr'><strong><em>οίκεον</em></strong></span> <span class='ocrx_word' id='word_1_125' title='bbox 366 1707 428 1795; x_wconf 92' lang='grc' dir='ltr'><strong><em>τήν</em></strong></span> <span class='ocrx_word' id='word_1_126' title='bbox 444 1714 510 1776; x_wconf 78' lang='grc' dir='ltr'><strong><em>νῦν</em></strong></span> <span class='ocrx_word' id='word_1_127' title='bbox 523 1711 733 1799; x_wconf 87' lang='grc' dir='ltr'><strong><em>καλεομένην</em></strong></span> <span class='ocrx_word' id='word_1_128' title='bbox 746 1706 908 1797; x_wconf 75' lang='grc' dir='ltr'><strong><em>Ἀχαιίην,</em></strong></span> <span class='ocrx_word' id='word_1_129' title='bbox 924 1714 980 1780; x_wconf 82' lang='grc' dir='ltr'><strong><em>καὶ</em></strong></span> <span class='ocrx_word' id='word_1_130' title='bbox 994 1713 1073 1799; x_wconf 75' lang='grc' dir='ltr'><strong><em>πρὶν</em></strong></span> 
     </span>
     <span class='ocr_line' id='line_1_17' title="bbox 67 1801 1071 1895; baseline 0.002 -22"><span class='ocrx_word' id='word_1_131' title='bbox 67 1801 243 1890; x_wconf 82' lang='grc' dir='ltr'><strong><em>ἢΔαναόν</em></strong></span> <span class='ocrx_word' id='word_1_132' title='bbox 263 1830 299 1872; x_wconf 87' lang='grc' dir='ltr'><strong><em>τε</em></strong></span> <span class='ocrx_word' id='word_1_133' title='bbox 318 1807 374 1873; x_wconf 80' lang='grc' dir='ltr'><strong><em>καὶ</em></strong></span> <span class='ocrx_word' id='word_1_134' title='bbox 387 1810 526 1884; x_wconf 66' lang='grc' dir='ltr'><strong><em>Ξοῦθον</em></strong></span> <span class='ocrx_word' id='word_1_135' title='bbox 549 1802 729 1873; x_wconf 74' lang='grc' dir='ltr'><strong><em>ἀπικέσθαι</em></strong></span> <span class='ocrx_word' id='word_1_136' title='bbox 750 1805 783 1883; x_wconf 90' lang='grc' dir='ltr'><strong><em>ἐς</em></strong></span> <span class='ocrx_word' id='word_1_137' title='bbox 800 1806 1071 1895; x_wconf 89' lang='grc' dir='ltr'><strong><em>Πελοπόννησον,</em></strong></span> 
     </span>
     <span class='ocr_line' id='line_1_18' title="bbox 67 1898 1073 1992; baseline 0.006 -23"><span class='ocrx_word' id='word_1_138' title='bbox 67 1898 275 1989; x_wconf 78' lang='grc' dir='ltr'><strong><em>ὡςἝλληνες</em></strong></span> <span class='ocrx_word' id='word_1_139' title='bbox 292 1905 439 1988; x_wconf 87' lang='grc' dir='ltr'><strong><em>λέγουσι,</em></strong></span> <span class='ocrx_word' id='word_1_140' title='bbox 456 1904 631 1971; x_wconf 84' lang='grc' dir='ltr'><strong><em>ἐκαλέοντο</em></strong></span> <span class='ocrx_word' id='word_1_141' title='bbox 643 1904 811 1987; x_wconf 79' lang='grc' dir='ltr'><strong><em>Πελασγοί</em></strong></span> <span class='ocrx_word' id='word_1_142' title='bbox 822 1908 1004 1992; x_wconf 75' lang='grc' dir='ltr'><strong><em>Αέγιαλέες,</em></strong></span> <span class='ocrx_word' id='word_1_143' title='bbox 1021 1908 1073 1974; x_wconf 79' lang='grc' dir='ltr'><strong><em>ἐπὶ</em></strong></span> 
     </span>
     <span class='ocr_line' id='line_1_19' title="bbox 66 1996 1117 2086; baseline 0.01 -21"><span class='ocrx_word' id='word_1_144' title='bbox 66 1999 102 2066; x_wconf 76' lang='grc' dir='ltr'><strong><em>δὲ</em></strong></span> <span class='ocrx_word' id='word_1_145' title='bbox 112 1996 230 2078; x_wconf 80' lang='grc' dir='ltr'><strong><em>Ἴωνος.</em></strong></span> <span class='ocrx_word' id='word_1_146' title='bbox 242 2005 303 2068; x_wconf 80' lang='grc' dir='ltr'><strong><em>τοῦ</em></strong></span> <span class='ocrx_word' id='word_1_147' title='bbox 319 1999 588 2078; x_wconf 67' lang='grc' dir='ltr'><strong><em>ΞούθουἽωνες.</em></strong></span> <span class='ocrx_word' id='word_1_148' title='bbox 615 2005 788 2086; x_wconf 82' lang='grc' dir='ltr'><strong><em>Νησιῶται</em></strong></span> <span class='ocrx_word' id='word_1_149' title='bbox 805 2000 842 2070; x_wconf 78' lang='grc' dir='ltr'><strong><em>δέ</em></strong></span> <span class='ocrx_word' id='word_1_150' title='bbox 853 2004 1070 2072; x_wconf 75' lang='grc' dir='ltr'><strong><em>ἑπτακαίδεκα</em></strong></span> <span class='ocrx_word' id='word_1_151' title='bbox 1085 2020 1117 2074; x_wconf 68' lang='lat'><strong><em>95</em></strong></span> 
     </span>
     <span class='ocr_line' id='line_1_20' title="bbox 65 2097 1072 2188; baseline 0.005 -22"><span class='ocrx_word' id='word_1_152' title='bbox 65 2104 261 2186; x_wconf 88' lang='grc' dir='ltr'><strong><em>παρείχοντο</em></strong></span> <span class='ocrx_word' id='word_1_153' title='bbox 276 2102 354 2180; x_wconf 84' lang='grc' dir='ltr'><strong><em>νέας</em></strong></span> <span class='ocrx_word' id='word_1_154' title='bbox 370 2098 573 2188; x_wconf 74' lang='grc' dir='ltr'><strong><em>ὡπλισμένοι</em></strong></span> <span class='ocrx_word' id='word_1_155' title='bbox 587 2097 806 2186; x_wconf 73' lang='grc' dir='ltr'><strong><em>ὥςἝλληνες.</em></strong></span> <span class='ocrx_word' id='word_1_156' title='bbox 828 2104 992 2170; x_wconf 79' lang='grc' dir='ltr'><strong><em>καὶτοῦτο</em></strong></span> <span class='ocrx_word' id='word_1_157' title='bbox 1003 2111 1072 2171; x_wconf 88' lang='grc' dir='ltr'><strong><em>Πε-</em></strong></span> 
     </span>
     <span class='ocr_line' id='line_1_21' title="bbox 64 2192 1071 2285; baseline 0.003 -21"><span class='ocrx_word' id='word_1_158' title='bbox 64 2192 226 2281; x_wconf 81' lang='grc' dir='ltr'><strong><em>λασγικὸν</em></strong></span> <span class='ocrx_word' id='word_1_159' title='bbox 240 2200 357 2282; x_wconf 85' lang='grc' dir='ltr'><strong><em>ἐθνος,</em></strong></span> <span class='ocrx_word' id='word_1_160' title='bbox 380 2196 577 2285; x_wconf 65' lang='grc' dir='ltr'><strong><em>ὕστερονδὲ</em></strong></span> <span class='ocrx_word' id='word_1_161' title='bbox 593 2194 742 2265; x_wconf 82' lang='grc' dir='ltr'><strong><em>Ἰωνικόν</em></strong></span> <span class='ocrx_word' id='word_1_162' title='bbox 761 2196 887 2284; x_wconf 90' lang='grc' dir='ltr'><strong><em>ἐκλήθη</em></strong></span> <span class='ocrx_word' id='word_1_163' title='bbox 908 2197 991 2267; x_wconf 77' lang='grc' dir='ltr'><strong><em>κατὰ</em></strong></span> <span class='ocrx_word' id='word_1_164' title='bbox 1012 2197 1071 2267; x_wconf 81' lang='grc' dir='ltr'><strong><em>τόν</em></strong></span> 
     </span>
     <span class='ocr_line' id='line_1_22' title="bbox 64 2290 1071 2381; baseline 0.003 -20"><span class='ocrx_word' id='word_1_165' title='bbox 64 2290 169 2361; x_wconf 80' lang='grc' dir='ltr'><strong><em>αὐτόν</em></strong></span> <span class='ocrx_word' id='word_1_166' title='bbox 184 2293 288 2380; x_wconf 90' lang='grc' dir='ltr'><strong><em>λόγον</em></strong></span> <span class='ocrx_word' id='word_1_167' title='bbox 310 2297 363 2364; x_wconf 82' lang='grc' dir='ltr'><strong><em>καλ</em></strong></span> <span class='ocrx_word' id='word_1_168' title='bbox 385 2299 420 2364; x_wconf 88' lang='grc' dir='ltr'><strong><em>οί</em></strong></span> <span class='ocrx_word' id='word_1_169' title='bbox 430 2294 698 2372; x_wconf 70' lang='grc' dir='ltr'><strong><em>δυωδεκαπόλιες</em></strong></span> <span class='ocrx_word' id='word_1_170' title='bbox 708 2292 822 2372; x_wconf 83' lang='grc' dir='ltr'><strong><em>Ἴωνες</em></strong></span> <span class='ocrx_word' id='word_1_171' title='bbox 837 2297 871 2362; x_wconf 86' lang='grc' dir='ltr'><strong><em>οί</em></strong></span> <span class='ocrx_word' id='word_1_172' title='bbox 889 2291 946 2362; x_wconf 81' lang='grc' dir='ltr'><strong><em>ἀπ’</em></strong></span> <span class='ocrx_word' id='word_1_173' title='bbox 968 2293 1071 2381; x_wconf 88' lang='grc' dir='ltr'><strong><em>Ἀθη-</em></strong></span> 
     </span>
     <span class='ocr_line' id='line_1_23' title="bbox 65 2392 1069 2479; baseline 0.002 -21"><span class='ocrx_word' id='word_1_174' title='bbox 65 2393 160 2459; x_wconf 86' lang='grc' dir='ltr'><strong><em>νέων.</em></strong></span> <span class='ocrx_word' id='word_1_175' title='bbox 183 2394 318 2470; x_wconf 77' lang='grc' dir='ltr'><strong><em>Αἰολέες</em></strong></span> <span class='ocrx_word' id='word_1_176' title='bbox 333 2392 369 2460; x_wconf 70' lang='grc' dir='ltr'><strong><em>δέ</em></strong></span> <span class='ocrx_word' id='word_1_177' title='bbox 381 2392 539 2479; x_wconf 79' lang='grc' dir='ltr'><strong><em>ἐξήκοντα</em></strong></span> <span class='ocrx_word' id='word_1_178' title='bbox 554 2396 631 2471; x_wconf 89' lang='grc' dir='ltr'><strong><em>νέας</em></strong></span> <span class='ocrx_word' id='word_1_179' title='bbox 645 2396 852 2478; x_wconf 86' lang='grc' dir='ltr'><strong><em>παρείχοντο,</em></strong></span> <span class='ocrx_word' id='word_1_180' title='bbox 869 2393 1069 2478; x_wconf 84' lang='grc' dir='ltr'><strong><em>ἐσκευασμέ-</em></strong></span> 
     </span>
     <span class='ocr_line' id='line_1_24' title="bbox 66 2487 1068 2575; baseline 0 -19"><span class='ocrx_word' id='word_1_181' title='bbox 66 2515 115 2558; x_wconf 90' lang='grc' dir='ltr'><strong><em>νοι</em></strong></span> <span class='ocrx_word' id='word_1_182' title='bbox 134 2516 169 2557; x_wconf 93' lang='grc' dir='ltr'><strong><em>τε</em></strong></span> <span class='ocrx_word' id='word_1_183' title='bbox 188 2487 232 2567; x_wconf 76' lang='grc' dir='ltr'><strong><em>ὡς</em></strong></span> <span class='ocrx_word' id='word_1_184' title='bbox 244 2488 402 2575; x_wconf 75' lang='grc' dir='ltr'><strong><em>’Έλληνες</em></strong></span> <span class='ocrx_word' id='word_1_185' title='bbox 423 2493 478 2558; x_wconf 84' lang='grc' dir='ltr'><strong><em>καλ</em></strong></span> <span class='ocrx_word' id='word_1_186' title='bbox 496 2489 533 2559; x_wconf 84' lang='grc' dir='ltr'><strong><em>τό</em></strong></span> <span class='ocrx_word' id='word_1_187' title='bbox 555 2490 658 2559; x_wconf 90' lang='grc' dir='ltr'><strong><em>πόλαι</em></strong></span> <span class='ocrx_word' id='word_1_188' title='bbox 679 2489 876 2574; x_wconf 87' lang='grc' dir='ltr'><strong><em>καλεόμενοι</em></strong></span> <span class='ocrx_word' id='word_1_189' title='bbox 890 2493 1068 2575; x_wconf 90' lang='grc' dir='ltr'><strong><em>Πελασγοί,</em></strong></span> 
     </span>
     <span class='ocr_line' id='line_1_25' title="bbox 64 2583 1069 2674; baseline -0.003 -18"><span class='ocrx_word' id='word_1_190' title='bbox 64 2585 107 2667; x_wconf 74' lang='grc' dir='ltr'><strong><em>ὡς</em></strong></span> <span class='ocrx_word' id='word_1_191' title='bbox 121 2585 291 2673; x_wconf 85' lang='grc' dir='ltr'><strong><em>Ἑλλήνων</em></strong></span> <span class='ocrx_word' id='word_1_192' title='bbox 310 2586 418 2673; x_wconf 88' lang='grc' dir='ltr'><strong><em>λόγος.</em></strong></span> <span class='ocrx_word' id='word_1_193' title='bbox 446 2585 697 2674; x_wconf 83' lang='grc' dir='ltr'><strong><em>Ἑλλησπόντιοι</em></strong></span> <span class='ocrx_word' id='word_1_194' title='bbox 714 2587 750 2653; x_wconf 80' lang='grc' dir='ltr'><strong><em>δέ</em></strong></span> <span class='ocrx_word' id='word_1_195' title='bbox 770 2583 858 2671; x_wconf 93' lang='grc' dir='ltr'><strong><em>πλήν</em></strong></span> <span class='ocrx_word' id='word_1_196' title='bbox 875 2584 1069 2672; x_wconf 77' lang='grc' dir='ltr'><strong><em>Ἀβυδηνῶν</em></strong></span> 
     </span>
     <span class='ocr_line' id='line_1_26' title="bbox 68 2680 1068 2772; baseline 0.001 -21"><span class='ocrx_word' id='word_1_197' title='bbox 68 2683 290 2771; x_wconf 78' lang='grc' dir='ltr'><strong><em>’Ἀβυδηνοῖσι</em></strong></span> <span class='ocrx_word' id='word_1_198' title='bbox 304 2680 370 2772; x_wconf 82' lang='grc' dir='ltr'><strong><em>γόιρ</em></strong></span> <span class='ocrx_word' id='word_1_199' title='bbox 385 2688 624 2770; x_wconf 88' lang='grc' dir='ltr'><strong><em>προσετέτακτο</em></strong></span> <span class='ocrx_word' id='word_1_200' title='bbox 640 2686 676 2752; x_wconf 91' lang='grc' dir='ltr'><strong><em>ἐκ</em></strong></span> <span class='ocrx_word' id='word_1_201' title='bbox 690 2687 844 2771; x_wconf 84' lang='grc' dir='ltr'><strong><em>βασιλέος</em></strong></span> <span class='ocrx_word' id='word_1_202' title='bbox 858 2681 941 2752; x_wconf 77' lang='grc' dir='ltr'><strong><em>κατὰ</em></strong></span> <span class='ocrx_word' id='word_1_203' title='bbox 954 2684 1068 2772; x_wconf 85' lang='grc' dir='ltr'><strong><em>χόρην</em></strong></span> 
     </span>
     <span class='ocr_line' id='line_1_27' title="bbox 62 2781 1070 2871; baseline -0.002 -19"><span class='ocrx_word' id='word_1_204' title='bbox 62 2787 200 2870; x_wconf 89' lang='grc' dir='ltr'><strong><em>μένουσι</em></strong></span> <span class='ocrx_word' id='word_1_205' title='bbox 216 2781 390 2870; x_wconf 78' lang='grc' dir='ltr'><strong><em>φυλάκους</em></strong></span> <span class='ocrx_word' id='word_1_206' title='bbox 407 2782 492 2852; x_wconf 81' lang='grc' dir='ltr'><strong><em>εἶναι</em></strong></span> <span class='ocrx_word' id='word_1_207' title='bbox 507 2790 574 2852; x_wconf 75' lang='grc' dir='ltr'><strong><em>τόν</em></strong></span> <span class='ocrx_word' id='word_1_208' title='bbox 588 2782 797 2871; x_wconf 72' lang='grc' dir='ltr'><strong><em>γεφυρέων,</em></strong></span> <span class='ocrx_word' id='word_1_209' title='bbox 815 2785 850 2849; x_wconf 85' lang='grc' dir='ltr'><strong><em>ολ</em></strong></span> <span class='ocrx_word' id='word_1_210' title='bbox 862 2782 898 2849; x_wconf 74' lang='grc' dir='ltr'><strong><em>δὲ</em></strong></span> <span class='ocrx_word' id='word_1_211' title='bbox 912 2786 1022 2850; x_wconf 77' lang='grc' dir='ltr'><strong><em>λοιποὶ</em></strong></span> <span class='ocrx_word' id='word_1_212' title='bbox 1036 2789 1070 2850; x_wconf 85' lang='grc' dir='ltr'><strong><em>οέ</em></strong></span> 
     </span>
     <span class='ocr_line' id='line_1_28' title="bbox 61 2879 1067 2969; baseline -0.002 -19"><span class='ocrx_word' id='word_1_213' title='bbox 61 2885 98 2950; x_wconf 86' lang='grc' dir='ltr'><strong><em>ἐκ</em></strong></span> <span class='ocrx_word' id='word_1_214' title='bbox 123 2888 184 2949; x_wconf 87' lang='grc' dir='ltr'><strong><em>τοῦ</em></strong></span> <span class='ocrx_word' id='word_1_215' title='bbox 206 2879 342 2949; x_wconf 88' lang='grc' dir='ltr'><strong><em>Πόντου</em></strong></span> <span class='ocrx_word' id='word_1_216' title='bbox 363 2881 621 2969; x_wconf 86' lang='grc' dir='ltr'><strong><em>στρατευόμενοι</em></strong></span> <span class='ocrx_word' id='word_1_217' title='bbox 648 2886 843 2967; x_wconf 90' lang='grc' dir='ltr'><strong><em>παρείχοντο</em></strong></span> <span class='ocrx_word' id='word_1_218' title='bbox 864 2883 927 2966; x_wconf 75' lang='grc' dir='ltr'><strong><em>μὲν</em></strong></span> <span class='ocrx_word' id='word_1_219' title='bbox 949 2880 1067 2950; x_wconf 85' lang='grc' dir='ltr'><strong><em>έκατόν</em></strong></span> 
     </span>
     <span class='ocr_line' id='line_1_29' title="bbox 61 2971 1066 3067; baseline -0.001 -20"><span class='ocrx_word' id='word_1_220' title='bbox 61 2982 149 3065; x_wconf 87' lang='grc' dir='ltr'><strong><em>νέας,</em></strong></span> <span class='ocrx_word' id='word_1_221' title='bbox 161 2982 397 3065; x_wconf 88' lang='grc' dir='ltr'><strong><em>ἐσκευασμένοι</em></strong></span> <span class='ocrx_word' id='word_1_222' title='bbox 409 2980 446 3048; x_wconf 78' lang='grc' dir='ltr'><strong><em>δέ</em></strong></span> <span class='ocrx_word' id='word_1_223' title='bbox 455 2973 543 3067; x_wconf 84' lang='grc' dir='ltr'><strong><em>ήσαν</em></strong></span> <span class='ocrx_word' id='word_1_224' title='bbox 554 2977 772 3066; x_wconf 79' lang='grc' dir='ltr'><strong><em>ὥςἛλληνες.</em></strong></span> <span class='ocrx_word' id='word_1_225' title='bbox 794 2971 888 3046; x_wconf 80' lang='grc' dir='ltr'><strong><em>οὗτοι</em></strong></span> <span class='ocrx_word' id='word_1_226' title='bbox 898 2977 934 3046; x_wconf 73' lang='grc' dir='ltr'><strong><em>δὲ</em></strong></span> <span class='ocrx_word' id='word_1_227' title='bbox 945 2975 1066 3047; x_wconf 74' lang='grc' dir='ltr'><strong><em>Ἰαόνων</em></strong></span> 
     </span>
     <span class='ocr_line' id='line_1_30' title="bbox 60 3074 1114 3165; baseline 0.001 -21"><span class='ocrx_word' id='word_1_228' title='bbox 60 3078 115 3145; x_wconf 82' lang='grc' dir='ltr'><strong><em>καὶ</em></strong></span> <span class='ocrx_word' id='word_1_229' title='bbox 135 3079 298 3163; x_wconf 85' lang='grc' dir='ltr'><strong><em>Δωριέων</em></strong></span> <span class='ocrx_word' id='word_1_230' title='bbox 312 3074 454 3146; x_wconf 79' lang='grc' dir='ltr'><strong><em>ἄποικοι.</em></strong></span> <span class='ocrx_word' id='word_1_231' title='bbox 482 3075 702 3165; x_wconf 83' lang='grc' dir='ltr'><strong><em>Ἐπεβότευου</em></strong></span> <span class='ocrx_word' id='word_1_232' title='bbox 721 3075 757 3144; x_wconf 73' lang='grc' dir='ltr'><strong><em>δὲ</em></strong></span> <span class='ocrx_word' id='word_1_233' title='bbox 778 3078 831 3144; x_wconf 80' lang='grc' dir='ltr'><strong><em>ἐπὶ</em></strong></span> <span class='ocrx_word' id='word_1_234' title='bbox 846 3081 980 3144; x_wconf 78' lang='grc' dir='ltr'><strong><em>πασέων</em></strong></span> <span class='ocrx_word' id='word_1_235' title='bbox 996 3085 1064 3144; x_wconf 79' lang='grc' dir='ltr'><strong><em>τῶν</em></strong></span> <span class='ocrx_word' id='word_1_236' title='bbox 1079 3090 1114 3145; x_wconf 81' lang='lat'><strong><em>9⁶</em></strong></span> 
     </span>
     <span class='ocr_line' id='line_1_31' title="bbox 61 3174 1064 3262; baseline 0 -20"><span class='ocrx_word' id='word_1_237' title='bbox 61 3178 149 3242; x_wconf 75' lang='grc' dir='ltr'><strong><em>νεῶν</em></strong></span> <span class='ocrx_word' id='word_1_238' title='bbox 162 3176 289 3258; x_wconf 89' lang='grc' dir='ltr'><strong><em>Πέρσαι</em></strong></span> <span class='ocrx_word' id='word_1_239' title='bbox 310 3176 365 3242; x_wconf 80' lang='grc' dir='ltr'><strong><em>καί</em></strong></span> <span class='ocrx_word' id='word_1_240' title='bbox 383 3178 496 3262; x_wconf 80' lang='grc' dir='ltr'><strong><em>Μήδοι</em></strong></span> <span class='ocrx_word' id='word_1_241' title='bbox 518 3178 573 3244; x_wconf 81' lang='grc' dir='ltr'><strong><em>καὶ</em></strong></span> <span class='ocrx_word' id='word_1_242' title='bbox 589 3174 709 3244; x_wconf 86' lang='grc' dir='ltr'><strong><em>Σόκαι.</em></strong></span> <span class='ocrx_word' id='word_1_243' title='bbox 739 3174 869 3243; x_wconf 82' lang='grc' dir='ltr'><strong><em>τούτων</em></strong></span> <span class='ocrx_word' id='word_1_244' title='bbox 889 3175 926 3242; x_wconf 72' lang='grc' dir='ltr'><strong><em>δὲ</em></strong></span> <span class='ocrx_word' id='word_1_245' title='bbox 947 3174 1064 3260; x_wconf 81' lang='grc' dir='ltr'><strong><em>ἄριστα</em></strong></span> 
     </span>
     <span class='ocr_line' id='line_1_32' title="bbox 60 3266 1064 3360; baseline 0.004 -22"><span class='ocrx_word' id='word_1_246' title='bbox 60 3266 237 3345; x_wconf 88' lang='grc' dir='ltr'><strong><em>πλωοόσας</em></strong></span> <span class='ocrx_word' id='word_1_247' title='bbox 251 3276 447 3358; x_wconf 89' lang='grc' dir='ltr'><strong><em>παρείχοντο</em></strong></span> <span class='ocrx_word' id='word_1_248' title='bbox 462 3273 541 3352; x_wconf 89' lang='grc' dir='ltr'><strong><em>νέας</em></strong></span> <span class='ocrx_word' id='word_1_249' title='bbox 556 3278 729 3360; x_wconf 85' lang='grc' dir='ltr'><strong><em>Φοίνικες,</em></strong></span> <span class='ocrx_word' id='word_1_250' title='bbox 743 3275 797 3341; x_wconf 82' lang='grc' dir='ltr'><strong><em>καὶ</em></strong></span> <span class='ocrx_word' id='word_1_251' title='bbox 814 3277 984 3341; x_wconf 87' lang='grc' dir='ltr'><strong><em>Φοινίκων</em></strong></span> <span class='ocrx_word' id='word_1_252' title='bbox 1001 3284 1064 3344; x_wconf 84' lang='grc' dir='ltr'><strong><em>Σι-</em></strong></span> 
     </span>
    </p>
   </div>
   <div class='ocr_carea' id='block_1_3' title="bbox 61 3364 1062 3525">
    <p class='ocr_par' dir='ltr' id='par_1_3' title="bbox 61 3364 1062 3525">
     <span class='ocr_line' id='line_1_33' title="bbox 61 3364 1062 3516; baseline 0.006 -83"><span class='ocrx_word' id='word_1_253' title='bbox 61 3366 187 3436; x_wconf 75' lang='grc' dir='ltr'><strong><em>δόνιοι.</em></strong></span> <span class='ocrx_word' id='word_1_254' title='bbox 203 3364 349 3516; x_wconf 53' lang='grc' dir='ltr'><strong><em>τοόῖῐοισι</em></strong></span> <span class='ocrx_word' id='word_1_255' title='bbox 360 3378 440 3439; x_wconf 83' lang='grc' dir='ltr'><strong><em>πᾶσι</em></strong></span> <span class='ocrx_word' id='word_1_256' title='bbox 453 3373 507 3440; x_wconf 85' lang='grc' dir='ltr'><strong><em>καλ</em></strong></span> <span class='ocrx_word' id='word_1_257' title='bbox 518 3384 601 3441; x_wconf 88' lang='grc' dir='ltr'><strong><em>τοίσι</em></strong></span> <span class='ocrx_word' id='word_1_258' title='bbox 613 3373 646 3450; x_wconf 75' lang='grc' dir='ltr'><strong><em>,ἐς</em></strong></span> <span class='ocrx_word' id='word_1_259' title='bbox 656 3368 716 3440; x_wconf 82' lang='grc' dir='ltr'><strong><em>τόν</em></strong></span> <span class='ocrx_word' id='word_1_260' title='bbox 727 3368 827 3452; x_wconf 75' lang='grc' dir='ltr'><strong><em>πεζὸν</em></strong></span> <span class='ocrx_word' id='word_1_261' title='bbox 837 3373 1062 3458; x_wconf 85' lang='grc' dir='ltr'><strong><em>τεταγμένοισι</em></strong></span> 
     </span>
     <span class='ocr_line' id='line_1_34' title="bbox 145 3469 926 3525; baseline 0.006 -9"><span class='ocrx_word' id='word_1_262' title='bbox 145 3476 244 3516; x_wconf 75' lang='lat' dir='ltr'><strong>mon.</strong></span> <span class='ocrx_word' id='word_1_263' title='bbox 292 3502 299 3515; x_wconf 92' lang='lat'>.</span> <span class='ocrx_word' id='word_1_264' title='bbox 895 3469 926 3525; x_wconf 90' lang='lat' dir='ltr'><strong><em>ll</em></strong></span> 
     </span>
    </p>
   </div>
   <div class='ocr_carea' id='block_1_4' title="bbox 0 0 1194 3840">
    <p class='ocr_par' dir='ltr' id='par_1_4' title="bbox 0 0 1194 3840">
     <span class='ocr_line' id='line_1_35' title="bbox 0 0 1194 3840; baseline 0 2"><span class='ocrx_word' id='word_1_265' title='bbox 0 0 1194 3840; x_wconf 95' lang='lat' dir='ltr'><strong><em> </em></strong></span> 
     </span>
    </p>
   </div>
  </div>
 </body>
</html>
