2378 3840
300 167 387 226 ΜΒ.
423 167 480 222 vfl.
514 163 614 222 cAP.
649 171 826 228 218—222.
911 234 917 243 ,
1004 162 1065 229 217

62 331 158 412 ἔχειν.
170 331 307 412 μένοντι
317 324 354 392 δὲ
366 320 471 391 αὐτοῦ
482 325 577 401 κλέος
587 324 671 409 μέγα
682 325 839 410 ἐλείπετο,
852 327 907 393 καί
917 322 1066 413 ήΣπάρ-

61 448 119 508 της
139 419 332 508 εὐδαιμονίη
347 419 410 488 οὐκ
426 423 623 508 ἐξηλείφετο.
651 423 828 506 ἐκέχρηστο
842 419 907 508 γάρ
925 420 991 490 ὑπδ
1008 431 1067 511 τῆς

61 526 195 606 Πυθίης
206 534 290 588 τοῖσι
300 518 530 606 Σπαρτιήτῃσι
540 519 749 604 χρεομένοισι
761 521 836 605 περὶ
847 526 908 587 τοῦ
918 521 1066 604 πολέμου

61 616 183 685 τούτου
198 613 316 686 αὐτίκα
334 614 407 684 κατ’
425 612 528 736 ἀρχάς
543 615 774 734 ἐγειρομένου,
795 610 817 702 ή
831 621 981 685 Λακεδαί
966 624 1082 703 ίμονα·

60 711 249 786 ἀνάστατον
265 713 456 802 γενέσθαι
439 713 505 783 υπό
522 721 589 783 τῶν
604 711 841 802 βαρβάρων,
819 742 840 802 η
855 714 1065 804 τὸνβασιλέα

61 818 176 900 σφέων
188 811 382 884 ἀπολέσθαι.
399 821 503 881 ταῦτα
514 817 553 881 δέ
561 833 623 898 σφι
633 816 670 882 έν
682 817 774 881 ἔπεσι
789 815 991 902 ἑξαμέτροισι
1001 822 1065 905 χρᾷ
1078 832 1106 879 ο

62 918 178 1001 ἔχοντα
195 905 275 982 ωδε

98 1009 192 1098 Υμῖν
206 1010 256 1095 δ
274 1039 299 1080 ω
288 1004 475 1098 Σπάρτης
489 1011 659 1099 οἰκήτορες
675 1010 884 1100 εὐρυχόροιο,

103 1105 151 1177 Ἢ
161 1108 282 1195 μέγα”
260 1129 344 1180 αστυ
362 1112 512 1196 ἐρικυδὲς
526 1106 585 1176 ὑπ’
603 1107 747 1195 ἀνδράσι
760 1117 960 1202 Περσείδησι

102 1212 281 1295 Πέρθεται,
298 1203 366 1295 ήτδ
379 1209 441 1294 μὲν
452 1204 538 1295 οάκι,
550 1204 610 1293 ἀφ’
622 1204 803 1292 Ἡρακλέος
814 1211 850 1300 δὲ
861 1215 1023 1297 γενέθλης

102 1305 274 1394 Πενθήσει
289 1312 409 1394 βασιλῆ
424 1312 594 1391 φθίμενον
607 1309 856 1392 Λακεδαίμονος
871 1301 981 1393 οὖρος.
1123 1321 1124 1324 ’

104 1400 156 1472 Οὐ
170 1401 236 1489 γάρ
253 1400 313 1470 τὸν
327 1403 463 1490 ταύρων
478 1403 590 1490 σχήσει
605 1407 704 1490 μένος
722 1401 801 1473 οὐδὲ
815 1406 964 1475 λεόντων

99 1498 281 1588 ’Λντιβίην
303 1497 411 1587 Ζηνός
424 1498 489 1586 γάρ
506 1504 570 1585 ἔχει
584 1502 701 1586 μένος·
725 1497 807 1570 οὐδέ
820 1505 840 1570 ἕ
851 1529 936 1589 φημι

101 1599 310 1686 Σχήσεσθαι,
328 1600 408 1686 πρίν
422 1594 524 1666 τῶνδ’
542 1599 657 1684 ἕτερον
675 1595 730 1664 διά
746 1597 854 1667 πάντα
870 1599 1017 1687 δάσηται.

62 1696 174 1764 Ταῦτά
195 1721 229 1762 τε
248 1693 287 1780 δή
299 1695 546 1782 ’ἐπιλεγόμενον
560 1698 752 1780 Λεωνίδημ,
776 1698 831 1764 καὶ
852 1698 1062 1784 βουλόμενον

58 1795 153 1870 κλέος
162 1794 369 1860 καταθέσθαι
380 1791 774 1877 μοόνωνΣπαρτιητίων,
782 1789 973 1880 ἀποπέμψαι
984 1793 1062 1875 τοὺς

58 1890 386 1977 σνμμάχουςμάλλον
396 1884 418 1974 ή
429 1886 546 1975 γνάμη
558 1887 802 1972 διενειχθέντας
811 1886 900 1956 οὕτω
908 1888 1062 1977 ἀκόσμως

59 1998 210 2075 οίχεσθαι
227 1984 305 2067 τοάς
322 1989 524 2074 οἰχομένους.
563 1983 766 2072 Μαρτάριον
784 1989 823 2052 δέ
839 2012 897 2072 μοι
914 1993 968 2057 καί
985 1990 1061 2058 τόδε
1077 2012 1129 2065 221

59 2083 121 2155 οὐκ
137 2084 307 2173 ἐλάχιστον
321 2084 444 2154 τούτου
458 2087 534 2170 πέρι
549 2087 683 2169 γέγονε·
707 2080 749 2169 οὐ
763 2080 829 2172 γάρ
842 2093 973 2171 μοῦνον
983 2087 1061 2168 τοὺς

57 2185 190 2271 ἀλλους,
203 2181 286 2253 ἀλλά
299 2186 353 2253 καί
365 2180 425 2253 τόν
436 2183 568 2271 μάντιν,
580 2179 617 2262 δς
628 2185 736 2250 εἵπετο
748 2189 788 2272 τή
799 2193 935 2275 στρατιή
945 2189 1060 2274 ταύτῃ,

57 2290 245 2406 Μεγιστίην
256 2280 315 2350 τόν
328 2280 533 2370 Ἀκαρνῆνα,
549 2279 734 2368 λεγόμενον
745 2278 829 2367 εἶναι
842 2279 882 2351 τά
893 2280 1061 2353 ἀνέκαθεν

57 2381 122 2452 ἀπο
112 2380 382 2469 Μελάμποδος,
403 2388 524 2450 τοῦτον
540 2378 600 2449 τόν
617 2389 755 2448 είπαντα
776 2383 813 2450 έκ
834 2389 902 2450 τῶν
923 2388 1006 2469 ἱράν
1020 2382 1060 2451 τά

57 2479 220 2568 μέλλοντά
231 2500 292 2597 σφι
304 2481 481 2567 ἐκβαίνειν,
493 2478 640 2566 φανερός
652 2481 720 2547 έστι
731 2479 930 2566 Λεωνίδης’
912 2486 1062 2569 αποπέμ-

57 2603 148 2662 πων,
167 2602 222 2643 ινα
234 2602 278 2696 μη
267 2573 524 2662 συναπόληταί
537 2595 606 2661 σφι.
631 2602 649 2642 ο
636 2573 729 2643 δὲ
711 2578 989 2700 αποπεμπόμεηος
1000 2578 1063 2649 αά-

58 2675 112 2754 τός
126 2672 242 2761 μέν’
203 2700 265 2742 ουκ
280 2672 485 2760 ἀπελείπετο,
500 2671 560 2743 τόν
576 2672 611 2741 δὲ
623 2678 725 2746 παῖδα
739 2677 1061 2765 συστρατευόμενον,

56 2776 154 2846 έόντα
172 2779 206 2843 οί
217 2778 442 2862 μουνογενέα,
464 2771 645 2859 ἀπέπεμψε.
684 2777 729 2841 οί
740 2774 802 2859 μέν
817 2799 882 2847 νυν
897 2776 1063 2862 σύμμαχοι
1080 2792 1131 2846 22²

56 2877 91 2942 οί
112 2869 387 2959 ἀποπεμπόμενοι
413 2871 544 2960 οἴχοντό
571 2898 606 2939 τε
631 2867 785 2950 ἀπιόντες
805 2875 860 2942 καὶ
887 2876 1062 2944 έπείδοντο

55 2974 219 3058 Λεωνίδη,
228 2973 385 3050 Θεσπιέες
396 2971 433 3039 δὲ
445 2973 498 3039 καὶ
506 2977 646 3059 Θηβαῖοι
658 2973 855 3056 κατέμειναν
864 2979 986 3058 μοῦνοι
999 2997 1064 3040 πα-

56 3065 99 3152 ρά
120 3074 422 3156 Λακεδαιμονίοισι.
454 3068 584 3143 τούτων
605 3067 642 3136 δὲ
661 3075 802 3155 Θηβαῖοι
822 3069 885 3156 μδν
908 3066 1062 3151 ἀέκοντες

56 3171 177 3251 έμενον
191 3169 245 3234 καὶ
259 3164 301 3234 οὐ
314 3165 518 3254 βουλόμενοι
537 3181 675 3252 ’κατεῖχε
690 3165 755 3252 γάρ
772 3187 877 3253 σφεας
891 3172 1062 3255 Λεωνίδης

55 3267 92 3332 ἐν
110 3258 248 3350 ὁμήρων
267 3265 356 3357 λόγφ
376 3265 605 3352 ποιεόμενος,
627 3266 784 3342 Θεσπιέες
798 3263 835 3332 δὲ
851 3263 982 3345 ἑκόντες
996 3266 1062 3353 μά-4

59 3371 166 3448 λιστα,
190 3368 224 3429 οἳ
242 3360 303 3432 οὐκ
324 3368 455 3451 ἔφασαν
475 3361 696 3440 ἀπολιπόντες
718 3366 891 3450 Λεωνίδην
910 3365 965 3432 καί
982 3360 1062 3444 τοάς
