2378 3840
103 175 145 242 7⁶
476 176 728 236 HERODOTI

103 334 365 425 ἀπηλλάχθησαν
387 341 447 405 καί
461 361 521 423 μιν
539 337 575 403 οί
587 333 759 420 Δόλογκοι
779 334 967 425 κατήγαγον
988 331 1104 406 όπίσω.

100 441 204 503 ταῦτα
218 437 280 521 μὲν
291 433 331 521 δή
345 440 445 525 τρίτφ
459 438 527 502 ἔτει
535 432 701 520 πρότερον
711 435 864 520 ἐγεγόνεε
875 442 942 504 τῶν
957 436 1031 504 τότε
1046 463 1106 522 μιν

57 545 85 600 fl
101 532 325 619 κατεχόντων,
340 531 415 601 τότε
429 532 465 599 δδ
482 530 742 616 πυνθανόμενος
760 529 844 601 εἶναι
856 529 934 611 τούς
945 538 1107 613 Φοίνικας

99 633 136 698 έν
146 631 286 721 Τενέδφ,
294 628 472 716 πληρώσας
480 628 635 715 τριήρεας
645 630 744 697 πέντε
753 629 931 716 χρημάτων
941 636 1010 698 τῶν
1017 655 1106 716 παρ-

99 727 226 796 εόντων
243 726 397 797 ἀπέπλωε
412 729 445 806 ές
458 723 518 805 τάς
534 723 688 814 Ἀθήνας.
712 728 767 794 καὶ
784 723 894 814 ὥσπερ
910 723 1053 814 ὡρμήθη
1068 729 1106 795 έκ

98 831 247 914 Καρδίης
261 825 394 914 πόλιος,
418 832 524 895 ἔπλωε
544 822 599 894 διά
615 831 677 893 τοῦ
690 828 848 902 Μέλανος
871 823 1000 892 κόλπου
1015 847 1103 910 παρ·

98 927 251 1015 αμεέβετό
271 953 307 995 τε
326 924 388 1014 τήν
404 925 638 1013 Χερσόνησον,
661 927 717 993 καὶ
733 928 767 993 οί
781 924 935 1002 Φοίνικές
956 928 990 991 οί
1007 948 1103 1008 περι-

97 1029 255 1093 πίπτουσι
268 1033 343 1114 τήσι
356 1030 466 1112 νηυσί.
490 1022 590 1104 αὐτός
606 1026 668 1110 μὲν
684 1021 724 1110 δή
742 1021 930 1108 Μιλτιάδης
947 1019 1013 1089 σὺν
1027 1030 1102 1111 τήσι

96 1124 247 1207 τέσσερσι
266 1131 335 1190 τῶν
360 1130 449 1191 νεῶν
469 1121 674 1209 καταφεύγει
696 1123 729 1200 ές
743 1119 898 1207 Ἴμβρον,
922 1116 986 1205 τήν
1011 1122 1051 1188 δέ
1068 1122 1100 1188 ολ

96 1221 248 1305 πέμπτην
264 1227 332 1287 τῶν
348 1225 437 1287 νεῶν
451 1226 604 1287 κατεῖλον
618 1217 794 1297 διιόκοντες
811 1222 845 1285 οί
857 1223 1020 1294 Φοίνικες.
1043 1223 1101 1302 τής

95 1315 132 1383 δὲ
146 1313 223 1394 νεός
236 1318 357 1404 ταύτης
372 1321 466 1403 ἔτυχε
478 1322 547 1384 τῶν
563 1315 758 1384 Μιλτιάδεω
774 1311 936 1383 παίδωνὸ
951 1314 1094 1401 πρεσβό,

94 1437 190 1491 τατος
205 1409 317 1498 ἀρχων
328 1419 512 1500 Μητίοχος,
530 1410 593 1480 οὐκ
605 1416 641 1480 έκ
656 1420 714 1500 τῆς
726 1410 866 1500 Ὀλόρου
882 1419 942 1482 τοῦ
954 1412 1098 1501 Θρήικος

93 1505 159 1577 έοὶν
179 1507 367 1597 θυγατρός,
392 1508 467 1580 ἀλλ’
490 1513 523 1591 ἐξ
545 1508 656 1596 ἀλλης.
688 1512 744 1579 καὶ
763 1517 885 1579 τοῦτον
902 1509 970 1597 ἀμα
986 1518 1027 1600 τῇ
1044 1517 1101 1596 νηλ

95 1598 186 1671 εἶλον
201 1610 235 1674 οί
247 1613 418 1695 Φοίνικες,
435 1615 494 1676 καί
504 1634 563 1695 μιν
578 1607 769 1695 πυθόμενοι
784 1605 828 1686 ὡς
843 1618 893 1695 είη
904 1609 1100 1679 Μιλτιάδεω

92 1714 185 1787 παῖς,
201 1700 373 1791 ἀνήγαγον
391 1704 482 1794 παρά
498 1710 653 1796 βασιλέα,
675 1710 847 1787 δοκέοντες
862 1709 980 1797 χάριτα
994 1710 1100 1797 μεγά-

92 1807 156 1886 λην
170 1803 440 1892 καταθήσεσθαι,
451 1803 503 1874 ότι
514 1803 554 1893 δή
567 1805 756 1892 Μιλτιάδης
769 1807 908 1895 γντόμην
918 1805 1098 1889 ἀπεδέξατο

92 1901 130 1967 έν
142 1897 324 1969 τοῑσιἼωσι
338 1903 682 1983 πείθεσθαικελεόων
695 1917 780 1971 τοῖσι
794 1904 969 1995 Σκύθησι,
996 1904 1052 1974 ὅτε
1067 1910 1101 1972 οί

90 1995 230 2063 Σκύθαι
244 1999 465 2083 προσεδέοντο
481 1999 648 2078 λύσαντας
667 1996 730 2086 τήν
750 2006 885 2089 σχεδίην
904 2000 1098 2073 ἀποπλεόειν

92 2097 125 2172 ές
138 2090 201 2179 τήν
217 2096 362 2164 ἑωυτῶν.
400 2105 545 2183 Δαρεῖος
567 2096 620 2183 δὲ,
642 2094 687 2175 ὡς
705 2101 741 2166 οί
755 2105 910 2179 Φοίνικες
923 2105 1098 2187 Μητίοχον

90 2191 151 2262 τόν
161 2193 356 2266 Μιλτιάδεω
367 2190 550 2284 ἀνήγαγον,
566 2198 700 2283 ἐποίησε
714 2195 820 2266 κακὸν
830 2200 892 2286 μὲν
904 2196 1005 2268 οὐδὲν
1015 2206 1097 2286 Μη·

90 2297 217 2378 τίοχον,
230 2288 344 2376 ἀγαθὰ
356 2290 392 2360 δὲ
403 2293 526 2379 συχνά·
549 2294 604 2362 καὶ
613 2292 679 2381 γάρ
691 2291 786 2363 οἶκον
796 2297 851 2363 καὶ
862 2302 979 2383 κτήσιν
992 2299 1096 2364 ἔδωκε

90 2390 146 2457 καὶ
155 2392 304 2475 Περσίδα
312 2404 472 2477 γυναῖκα,
487 2394 524 2459 ἐκ
535 2398 593 2478 τής
604 2397 638 2461 οί
646 2395 746 2461 τέκνα
757 2395 897 2480 ἐγένετο,
909 2392 950 2463 τά
962 2397 995 2474 ές
1005 2397 1096 2482 Πέρ-

90 2508 149 2567 σας
161 2489 386 2574 κεκοσμέαται.
419 2490 608 2575 Μιλτιάδης
622 2488 659 2558 δδ
673 2487 850 2579 έξἼμβρου
861 2488 1051 2564 ἀπικνέεται
1063 2499 1096 2575 ές

88 2582 148 2665 τάς
158 2583 311 2672 Ἀθήνας.
514 2606 521 2625 “

57 2696 76 2748 2
174 2685 240 2751 Καὶ
258 2682 342 2753 κατὰ
357 2682 395 2753 τό
418 2690 490 2764 ἔτος
504 2693 602 2756 τοῦτο
618 2689 655 2755 έκ
675 2694 744 2755 τῶν
756 2692 915 2776 Περσέων
930 2689 1032 2762 οὐδέν
1047 2701 1095 2764 ἔτι

89 2784 192 2848 πλέον
209 2781 339 2865 ἐγένετο
353 2781 485 2850 τούτων
498 2786 532 2863 ές
545 2799 655 2865 νεῖκος
670 2789 777 2874 φέρον
786 2785 895 2876 Ἴωσι,
913 2786 997 2860 ἀλλά
1014 2794 1094 2862 τάδε

88 2877 150 2965 μὲν
163 2876 307 2964 χρήσιμα
321 2879 426 2967 κάρτα
438 2879 622 2952 τοῖσιἼωσι
637 2886 767 2970 ἐγένετο
778 2888 901 2957 τούτου
914 2899 975 2958 τοῦ
986 2897 1093 2973 έτεος·

86 2973 311 3066 Ἀρταφέρνης
324 2973 343 3044 ό
356 2983 516 3066 Σαρδίων
528 2977 676 3069 ὕπαρχος
686 2985 982 3073 μεταπεμψάμενος
993 2986 1094 3077 ἀγγέ-

89 3086 170 3156 λους
185 3079 221 3144 έκ
236 3083 304 3144 τῶν
318 3085 446 3148 πολίων
456 3080 631 3168 συνθήκας
642 3089 736 3169 σφίσι
748 3080 877 3153 αάτοϊσι
889 3085 1093 3169 τοόςἼωνας

88 3171 257 3262 ήνάγκασε
266 3179 456 3266 ποιέεσθαι,
471 3181 529 3246 ἵνα
541 3182 710 3248 δωσίδικοι
726 3179 793 3248 εἷεν
804 3183 859 3249 καὶ
870 3179 915 3269 μή
927 3181 1093 3273 ἀλλήλους

89 3272 225 3360 φέροιέν
237 3296 274 3340 τε
287 3274 342 3342 καὶ
356 3271 480 3362 ἀγοιεν.
510 3277 615 3346 ταῦτά
629 3301 665 3346 τε
683 3272 852 3365 ἠνάγκασε
868 3282 1013 3370 ποιέειν,
1037 3283 1091 3352 καλ

87 3368 145 3453 τάς
158 3373 268 3462 χάρας
282 3377 397 3466 σφέων
410 3380 573 3474 μετρήσας
587 3378 670 3456 κατά
685 3385 918 3475 παρασάγγας,
932 3384 1012 3485 τούς
1029 3411 1089 3455 κα-
