2378 3840
102 174 161 239 ιεε
426 143 427 148 ‘
471 173 729 232 ιιειιοοοει

98 332 210 402 αύτῶν
227 335 354 420 έτιῆσαν
371 330 536 399 ἑκάστοισι
555 330 725 418 ἐπιχώριοι
739 329 916 419 ἡγεμόνες,
939 339 1007 400 τῶν
1023 330 1099 419 έγοδ,

98 427 216 518 οὐγὰρ
233 428 398 518 ἀναγκαίῃ
412 431 584 517 ἐξέργομαι
600 433 633 509 ἐς
647 435 793 518 ίστορίης
804 431 923 519 λόγον,
939 431 981 501 ού
991 457 1100 520 τιαρα·

97 534 272 619 μέμνημαι.
297 526 374 596 ούτε
383 523 448 615 γάρ
460 533 579 608 ἔθνεος
590 528 732 596 ε’κάστου
744 530 871 611 ἐιιάξιοι
881 522 969 619 ἦσαν
979 534 1013 598 oc
1020 527 1101 617 ἡγε-

96 628 212 714 μόνες,
231 633 268 694 ἐν
282 622 313 693 τ’
327 630 423 693 ἔθνει
435 624 562 718 ἑκάστην
582 620 721 712 όσαινιερ
742 628 867 715 πόλιες,
881 636 1034 696 τοσοῦτοι
1046 628 1101 694 καί

96 724 256 813 ἡγεμόνες
267 717 363 812 ἦσαν.
388 725 521 792 είιιοντο
536 725 573 793 δέ
584 720 629 803 ὥς
641 723 682 792 οὐ
695 729 883 812 στρατηγοί,
897 724 970 794 ἀλλ’
989 723 1099 808 ὥσπερ

98 830 131 894 οί
144 822 241 893 ἄλλοι
256 822 515 912 στρατευόμενοι
530 827 662 911 δοῦλοι,
685 825 756 894 ἐκεί
770 831 950 910 στρατηγοί
963 850 997 892 τε
1012 829 1046 892 οί
1060 811 1097 889 τό

96 934 164 997 κᾶν
179 932 308 1012 ἔχοντες
328 922 449 1011 κράτος
465 925 521 992 καί
534 920 691 1010 άρχοντες
706 931 776 992 τῶν
793 927 923 993 έθνέων
939 923 1098 1007 έκάστων,

57 1035 83 1090 >7
99 1023 172 1093 ὅσοι
188 1020 300 1092 αύτῶν
314 1016 402 1111 ἦσαν
418 1025 562 1109 Πέρσαι,
581 1014 727 1108 εἰρέαταί
739 1048 804 1107 μοι.
839 1028 908 1089 Τοῦ
926 1020 962 1087 δὲ
982 1044 1101 1087 ναοτι·

96 1128 159 1191 κού
171 1118 390 1208 ἐστρατήγεον
400 1122 481 1207 οίδε,
490 1117 700 1206 Ἀριαβίγνης
710 1143 745 1187 τε
755 1115 931 1206 ὁΔαρείον
941 1119 1100 1201 καλΠρη-

97 1217 253 1308 ξάσιιηςὸ
271 1218 480 1290 Ἀσπαθίνεω
493 1224 550 1289 καλ
564 1221 764 1308 Μεγάβαζος
784 1217 802 1288 ὁ
818 1219 1027 1306 Μεγαβάτεω
1044 1221 1099 1285 καλ

91 1315 471 1407 ἈχαιμένηςόΔαρείου.
484 1326 542 1406 τῆς
551 1319 614 1407 μὲν
621 1316 725 1398 Ἰάδος
733 1345 769 1388 τε
777 1320 832 1388 καὶ
838 1324 987 1406 Καρικῆς
997 1337 1097 1402 στρα-

96 1425 165 1505 τιῆς
176 1415 413 1506 Ἀριαβίγνηςὸ
426 1424 576 1503 Δαρείου
586 1442 622 1486 τε
632 1431 710 1497 τιαϊς
720 1419 842 1504 καὶτῆς
854 1415 1020 1503 Γοβρύεω
1030 1424 1097 1481 θυ-

94 1521 224 1602 γατρός.
241 1522 432 1604 Αἰγυπτίων
442 1518 479 1584 δέ
490 1514 685 1603 ἐστρατήγεε
696 1512 1022 1602 Ἀχαιμένηςβίρξεω
1034 1507 1099 1579 έόν

94 1611 153 1682 ἄνι’
169 1609 368 1701 άμφοτέρων
381 1610 561 1700 άδελφεός,
580 1619 638 1699 τῆς
653 1613 690 1681 δέ
700 1610 803 1699 άλλης
814 1616 968 1698 στρατιῆς
979 1610 1099 1693 έστρα-

95 1713 215 1800 τηγεον
231 1717 265 1782 oc
283 1715 356 1782 δύο.
385 1712 614 1801 τριηκόντεροι
633 1713 670 1780 δέ
690 1713 746 1781 καί
764 1708 1023 1796 πεντηκόντεροι
1044 1706 1098 1770 καί

95 1818 271 1902 κέρκουροι
282 1817 336 1882 καλ
343 1811 520 1901 ίιιιιαγωγά
531 1821 631 1882 τιλοία
641 1811 765 1900 σμικρά
776 1807 988 1880 συνελθόντα
996 1808 1030 1885 ές
1039 1803 1099 1873 τόν

57 1927 82 1980 >8
98 1909 246 2001 άρνθμόυ
260 1912 369 2000 ἐφάνη
383 1919 553 2000 τρισχίλια.
580 1920 656 1981 Τῶν
667 1913 702 1980 δέ
718 1907 955 1980 έιιιιιλωόυτων
965 1902 1048 1992 μετά
1055 1922 1099 1989 ’γε
1125 1990 1126 1993 ¹

94 2008 172 2089 τούς
186 2009 390 2098 στρατηγούς
401 2015 471 2079 οἵδε
482 2004 569 2099 ἦσαν
584 2015 618 2080 ol
627 2007 919 2097 οόνομαστότατοι,
932 2003 1099 2078 Σιδόνιος

98 2109 346 2195 Τετράμνηστος
363 2106 603 2194 Ἀνύσουβκαὶ
628 2107 751 2194 Τύριος
763 2096 918 2187 Ματιτῆν
928 2098 1099 2188 Σιράμου,

95 2207 150 2274 καὶ
165 2203 316 2292 Ἀράδιος
331 2208 510 2294 Μέρβαλος
529 2203 711 2293 Ἀγβάλου,
734 2206 789 2272 καὶ
803 2208 898 2281 Κίλιξ
916 2202 1101 2274 Συέννεσις

91 2302 345 2390 Ὠρομέδοντος,
366 2307 422 2372 καὶ
442 2302 568 2383 Λύκιος
583 2308 813 2390 Κυβερνίσκος
831 2305 933 2384 Σίκα,
956 2300 1011 2365 καί
1025 2296 1102 2363 Κύ-

94 2423 186 2487 ιιριοι
197 2399 325 2486 Γόργος
334 2426 370 2469 τε
381 2399 398 2468 δ
411 2405 551 2488 Χέρσιος
562 2404 616 2470 καὶ
631 2403 784 2486 Τιμύναξ
796 2396 814 2466 ὁ
826 2396 1033 2484 Τιμαγόρεω,
1045 2396 1102 2462 καί

94 2504 219 2583 Καρῶν
226 2495 377 2580 Ἰστιαίός
390 2528 426 2570 τε
437 2498 455 2569 ὁ
467 2500 607 2588 Τύμνεω
618 2503 673 2569 καὶ
683 2505 811 2587 Πίγρης
822 2496 1034 2583 ὅΣελδιόμου
1045 2495 1102 2562 καὶ

57 2595 369 2684 θΔαμασίθυμοςὸ
383 2600 597 2668 Κανδαύλεω.
621 2604 697 2667 Τύν
708 2600 770 2683 μέν
780 2620 846 2663 νυν
857 2592 970 2663 ἄλλων
981 2591 1023 2660 ού
1034 2617 1101 2659 ιτα-

95 2699 307 2782 ραμέμνημαι
325 2702 527 2785 ταξιαρχέων
545 2696 589 2777 ὡς
605 2693 669 2765 ούκ
685 2694 968 2782 ἀναγκαζόμενος,
988 2689 1100 2777 Ἀρτε-

95 2799 206 2882 μισίης
220 2797 274 2879 δὲ,
288 2800 346 2880 τῆς
361 2794 504 2880 μάλιστα
513 2799 619 2877 θύμα
648 2799 806 2879 ποιεῦμαι
820 2793 871 2860 ἐστὶ
887 2787 1100 2876 τὴνἙλλάδα

95 2895 380 2979 στρατευσαμένης
398 2893 569 2978 γυναικός,
578 2890 650 2977 ἥτις
660 2888 894 2970 ἀποθανόντος
903 2895 965 2958 τοῦ
977 2885 1100 2977 άνδρδς

96 2986 180 3076 αύτη’
199 3013 235 3057 τε
254 2993 376 3074 ἔχουσα
394 2987 457 3076 τὴν
477 2993 662 3074 τυραννίδα
680 2991 736 3056 καὶ
756 2986 875 3067 παιδὸς
892 2985 1100 3075 ὑπάρχοντος

95 3095 234 3178 νεηνίεω
252 3085 317 3156 ύιτό
335 3086 480 3177 λήματός
496 3114 532 3156 τε
546 3091 601 3157 καί
615 3087 774 3177 ἀνδρηίης
787 3087 1017 3174 ἐστρατεύετο,
1040 3083 1099 3153 ού-

94 3194 209 3273 δεμιης
223 3186 342 3274 ἐούσης
353 3190 387 3255 ot
396 3183 585 3273 ἀναγκαίης.
606 3185 736 3273 οὕνομα
745 3187 808 3273 μὲν
819 3183 860 3271 δὴ
871 3177 916 3272 ἦν
928 3181 1014 3274 αὐτῇ
1024 3178 1094 3268 Ἀρ-
1126 3241 1134 3254 .

93 3290 238 3372 τεμισίη,
252 3282 407 3373 θυγάτηρ
423 3287 461 3354 δέ
472 3276 517 3372 ἦν
527 3286 728 3373 Λυγδάμιος,
744 3287 841 3373 γένος
852 3284 889 3352 δέ
900 3285 933 3365 ἐξ
944 3281 1097 3366 Ἀλικαρ-

90 3382 366 3469 νησσούτάετρδς
379 3385 521 3472 πατρός,
541 3383 582 3452 τά
602 3385 774 3472 μητρόθεν
791 3385 828 3453 δέ
843 3388 990 3470 Κρῆσσα.
1020 3378 1083 3469 ἦγε
