2378 3840
376 111 460 167 Llss.
491 111 526 170 v.
562 108 660 167 σεε.
689 114 821 169 ιι-ιε.
1072 102 1091 170 7

100 272 171 334 τάν
184 266 221 333 δὲ
233 266 362 352 πλῆθός
377 267 444 334 ἐστι
457 271 612 350 τοσοῦτο,
635 263 719 332 ὥστε
734 262 814 332 όταν
828 260 891 351 τὴν
902 274 1018 351 θύρην
1031 262 1094 349 την

101 358 314 447 καταπακτὴν
327 357 505 448 άνακλίνη,
520 367 623 428 κατίει
639 367 758 450 σχοίνῳ
773 364 916 447 σπυρίδα
931 359 1047 449 κεινὴν
1059 363 1095 438 ές

99 454 164 542 τὴν
176 463 313 541 λίμνην,
334 458 389 524 καλ
405 454 447 522 ού
467 455 592 524 πολλόν
610 481 685 523 τινα
704 454 779 542 χρόι
787 481 827 524 ον
846 450 988 539 έπισχύν
1005 455 1091 522 ἀνα-

101 558 170 638 σπᾷ
190 552 317 639 πλήρεα
337 551 474 639 ἰχθύων.
507 558 575 620 τῶν
598 549 635 619 δέ
654 551 784 637 ἰχθύων
808 554 874 618 ίστλ
897 552 995 635 γένεα
1018 547 1091 632 δύο,

101 645 180 739 τούς
197 649 351 716 καλέουσι
368 650 544 734 πάπρακάς
557 675 593 716 τε
609 650 662 716 καί
677 655 824 727 τίλωνας.
857 649 1016 716 Παιόνων
1028 642 1090 730 μὲν
1110 648 1139 696 Π

101 743 142 830 δὴ
158 747 192 813 οί
205 746 419 830 χειρωθέντες
433 742 555 831 ἤγοντο
571 746 604 823 ές
617 741 678 830 τὴν
696 741 822 830 Ἀσίην,
844 743 1040 829 Μεγάβαζος
1054 737 1089 807 δλ

102 838 148 919 ὥς
162 842 356 926 ἐχειρώσατο
370 840 449 919 τούς
461 849 625 928 Παίονας,
647 844 766 927 πέμπει
786 839 946 928 ἀγγέλους
962 843 995 918 ές
1010 841 1089 905 Μα·

48 990 58 1049 χ
100 943 256 1024 κεδονίην
274 936 398 1024 άνδρας
418 935 497 1006 ἑπτά
517 942 664 1023 Πέρσας,
691 945 724 1006 οἳ
741 934 811 1023 μετ’
833 933 938 1004 αὐτόν
962 937 1089 1002 ἐκεῖνον

48 1080 57 1144 χ
99 1027 187 1120 ἦσαν
203 1033 420 1120 δοκιμώτατοι
434 1037 471 1102 έν
484 1042 529 1124 τῳ
542 1040 759 1126 στρατοπέδῳ.
781 1036 962 1120 ἐπέμποντο
977 1030 1014 1098 δὲ
1028 1019 1089 1096 ού·

99 1157 153 1199 τοι
165 1127 244 1214 παρ’
258 1126 421 1216 Ἀμύντην
441 1130 628 1216 αἰτήσοντες
647 1137 712 1217 γῆν
727 1133 829 1198 τεκαὶ
850 1128 942 1216 ὕδωρ
956 1133 1089 1216 Δαρείῳ

48 1266 51 1289 ι
97 1230 235 1316 βασιλέϊ.
251 1231 319 1294 ἔστι
330 1230 365 1295 δὲ
376 1230 412 1296 έιι
422 1229 675 1315 τηςΠρασιάδος
685 1235 800 1316 λίμνης
811 1228 974 1314 σύντομος
985 1226 1088 1310 κάρτα

48 1395 53 1417 ‚
97 1325 133 1400 ές
152 1318 215 1408 τὴν
228 1328 453 1410 Μακεδονίην.
486 1332 600 1410 πρῶτα
619 1325 682 1410 μέν
698 1322 762 1411 γάρ
778 1331 882 1411 ἔχεται
901 1330 958 1409 τῆς
971 1330 1088 1409 λίμνης

98 1417 136 1488 τό
153 1422 325 1506 μέταλλον,
332 1422 433 1488 έκτού
451 1419 591 1504 ὕστερον
605 1423 734 1489 τούτων
747 1422 910 1490 τάλαντον
924 1419 1088 1507 ἀργυρίου

48 1524 53 1579 ,’
94 1515 298 1608 Ἀλεξάνδρῳ
315 1514 439 1605 ἡμέρης
454 1519 591 1603 ἑκάστης
609 1521 740 1605 έῳοίτα,
762 1515 843 1604 μετά
858 1517 894 1586 δὲ
915 1513 953 1585 τό
968 1518 1087 1602 μέταλ-

97 1622 160 1682 λον
177 1614 344 1700 Δύσωρον
371 1613 573 1700 καλεόμενον
600 1608 700 1702 οὖρος
724 1613 907 1702 ὑπερβάντι
941 1612 1024 1681 εἶναι
1050 1616 1087 1681 έν

48 1762 55 1797 ,
102 1716 302 1799 Μακεδονίῃ.
348 1717 392 1780 Οί
406 1704 454 1778 όν
466 1715 592 1795 Πέρσαι
612 1717 646 1780 οί
663 1712 871 1798 πεμφθέντες
888 1701 980 1778 οὗτοι
996 1705 1085 1796 παρά
1103 1730 1134 1777 ιε

48 1803 50 1807 ’
99 1803 158 1874 τόν
166 1804 330 1894 Ἀμύντην
348 1804 391 1885 όις
405 1804 579 1893 άπίιιοντο,
594 1817 705 1876 αίτεον
719 1806 874 1885 ἐλθόντες
889 1809 921 1885 ές
934 1804 1013 1886 ὄψιν
1025 1803 1088 1892 τὴν

98 1904 260 1990 Αμύντεω
273 1911 406 1996 Δαρείῳ
419 1909 548 1992 βασιλέι·
565 1913 630 1993 γῆν
647 1931 683 1974 τε
697 1907 751 1974 καί
765 1904 867 1992 ’ὕδωρ
896 1901 915 1971 ὁ
933 1903 969 1970 δὲ
982 1903 1085 1970 ταῦτά

48 1998 52 2092 ξ
96 2027 131 2068 τε
146 2003 257 2068 ἐδίδου
271 2009 330 2070 καί
340 2022 443 2088 σῳεας
457 2005 509 2073 ἐπὶ
523 2006 626 2083 ξείνια
639 2006 768 2089 καλέει,
790 2000 1085 2090 παρασκευασάμε-

48 2126 52 2149 »
95 2123 154 2175 νος
169 2099 204 2164 δλ
218 2102 353 2166 δείπνου
363 2101 606 2186 μεγαλοπρεπὲς
617 2101 744 2192 ἐδέκετο
755 2096 834 2178 τούς
843 2101 973 2183 Πέρσας
988 2104 1085 2183 φιλο·

48 2268 56 2310 ἱ
96 2193 239 2278 ῳρόνως.
263 2192 307 2274 ὡς
318 2196 353 2262 δὲ
364 2193 428 2264 άπὸ
440 2201 577 2264 δείπνου
588 2199 973 2282 έγένοντο,-διαπίνοντες
988 2192 1084 2261 εἶπαν
1132 2194 1140 2225 ³

52 2334 58 2353 -.
96 2295 129 2356 οἱ
142 2290 268 2375 Πέρσαι
284 2289 379 2358 τάδε·
410 2297 505 2369 Ξείνε
514 2290 684 2361 Μακεδῶν
689 2343 700 2378 ,
714 2289 794 2380 ἡμῖν
803 2293 906 2379 νόμος
919 2293 986 2360 ἐστὶ
999 2304 1084 2358 τοῖσι

93 2387 258 2474 Πέρσησι,
279 2385 379 2463 ἐπεάν
399 2393 535 2457 δεῖπνον
555 2390 796 2476 προτιθώμεθα
812 2392 912 2476 μέγα,
932 2388 1006 2457 τότε
1029 2389 1083 2456 καλ

93 2480 152 2560 τὰς
177 2480 345 2562 παλλακάς
368 2486 423 2551 καί
446 2484 505 2563 τάς
528 2491 698 2571 κουριδίας
720 2498 880 2570 γυναῖκας
905 2484 1084 2568 ἐσάγεσθαι

51 2540 296 2700 Βπαρέδρους·
327 2579 370 2646 σύ
391 2607 471 2665 νυν,
512 2583 647 2662 ἐπείπερ
671 2580 855 2669 προθύμως
875 2579 936 2666 μὲν
960 2580 1082 2663 ἐδέξαο,

92 2677 244 2762 μεγάλως
263 2675 299 2744 δέ
319 2677 480 2762 ξεινίζεις,
500 2682 603 2756 διδοῖς
622 2703 658 2746 τε
673 2682 804 2765 βασιλέι
815 2683 948 2767 Δαρείῳ
966 2684 1030 2762 γῆν
1047 2695 1081 2741 τε

92 2776 149 2842 καὶ
168 2770 277 2861 ὕδωρ,
299 2774 375 2843 έπεο
397 2775 489 2868 νόμῳ
509 2783 554 2869 τῳ
576 2774 731 2866 ἡμετέρῳ.
776 2774 859 2843 Εἶπε
879 2771 963 2860 πρός
981 2777 1082 2839 ταῦτα

62 2934 66 2943 .
88 2871 267 2960 Ἀμύντης·
301 2863 341 2940 Ὦ
355 2875 497 2962 Πέρσαι,
518 2873 620 2959 νόμος
639 2874 701 2958 μὲν
713 2869 794 2959 ἡμῖν
813 2876 855 2957 γέ
864 2873 931 2938 ἐστι
945 2865 1007 2936 ούκ
1021 2860 1082 2932 ού-

48 2948 72 3059 )
91 2994 158 3053 τος,
174 2966 257 3038 ἄλλά
269 2976 469 3058 κεχωρίσθαι
479 2969 604 3057 ἄνδρας
613 2974 800 3055 γυναικῶν·
821 2967 928 3034 ἐπείτε
942 2964 978 3031 δέ
988 2961 1081 3047 ὑμεῖς

90 3067 202 3147 έόντες
223 3069 378 3137 δεσπόται
401 3075 629 3156 προσχρηίζετε
648 3068 793 3151 τούτων,
821 3067 978 3150 παρέσται
1001 3059 1083 3146 ὑμίν

89 3168 146 3234 καί
160 3173 272 3235 ταῦτα.
302 3166 395 3246 είπαςΙ
407 3174 551 3235 τοσαῦτα
568 3165 586 3234 ὁ
604 3164 766 3253 Ἀμύντης
780 3165 1004 3250 μετεπέμψατο
1023 3159 1082 3241 τὰς

48 3248 62 3338 ί
89 3277 258 3348 γυναῖκας.
287 3264 324 3332 αί
338 3262 369 3332 δ’
389 3268 461 3334 έπεί
477 3263 512 3332 τε
528 3267 725 3351 καλεόμεναι
741 3256 867 3349 ἦλθον,
888 3266 1000 3347 ἐπεξῆς
1019 3262 1081 3329 άν-
