2378 3840
327 180 413 237 L'lB.
444 181 501 239 VII.
535 179 634 237 cAP.
667 186 807 241 40-46.
1007 179 1067 243 145
1159 196 1166 202 ”

60 346 191 412 Καΐκου
206 337 425 426 ὁρμεύμενος,
441 337 556 422 Κάνης
567 329 669 424 οὖρος
680 342 764 425 έχων
776 339 813 406 ἐν
828 337 996 431 ἀριστερῇ,
1013 344 1066 412 διὰ

60 445 120 506 τοῦ
132 435 305 524 Ἀταρνέος
318 438 351 515 ές
358 431 521 519 Καρήνην
529 433 646 520 πόλιν,
662 430 727 502 ἀπὸ
745 436 781 504 δὲ
792 438 914 526 ταύτης
929 438 984 508 διά
997 441 1067 528 Θή-

60 543 123 623 βης
137 539 255 603 πεδίου
269 531 465 619 ἐπορεύετο,
484 527 739 619 Ἀτραμύττειόν
755 558 791 602 τε
805 535 905 604 πάλιν
920 539 975 604 καί
986 535 1068 605 Ἀν-

60 635 207 718 τανδρον
227 627 289 717 την
308 633 499 717 Πελασγίδα
516 628 820 717 παραμειβόμενος·
842 629 904 719 τὴν
916 631 1011 720 Ἴδην
1033 635 1068 702 δὲ

60 728 175 819 λαβάν
194 733 228 809 ές
245 727 424 818 ἀριστερὴν
444 743 538 815 χεῖρα
557 726 610 817 ἤιε
629 731 662 807 ές
682 726 744 816 τὴν
769 727 889 803 Ἰλιάδα
910 743 984 822 γῇν.
1013 741 1068 804 καὶ

60 835 179 917 πρῶτα
189 831 251 914 μέν
266 831 301 897 ολ
312 824 378 896 ὑπὸ
393 825 510 917 τῇἼδη
525 825 631 897 νύκτα
645 824 862 915 ἀναμείναντι
878 839 1020 920 βρονταί
1034 860 1068 901 τε

59 929 116 996 καὶ
129 932 314 1013 πρηστῆρες
329 928 583 1011 ἐπεσπίπτουσι,
600 928 662 1007 καί
669 951 744 993 τινα
762 923 868 997 αὐτοῦ
882 931 985 1020 ταύτῇ
1006 950 1068 999 συ·
1159 990 1165 1003 ,

59 1020 142 1112 χνδν
154 1020 272 1107 ὅμιλον
285 1024 492 1110 διέφθειραν.
509 1019 729 1108 Ἀπικομένον
741 1021 776 1093 δέ
787 1030 849 1093 τοῦ
859 1033 1003 1116 στρατοῦ
1014 1029 1067 1094 ἐπὶ
1082 1043 1116 1098 λλ

60 1120 121 1190 τδν
135 1120 378 1209 Σκάμανδρον,
394 1119 432 1200 δς
447 1127 578 1206 πρῶτος
595 1126 771 1207 ποταμῶν,
796 1121 904 1193 ἐπείτε
924 1127 960 1195 έκ
975 1133 1068 1210 Σαρ-

61 1225 144 1288 δίων
161 1215 366 1305 ὁρμηθέντες
386 1220 601 1311 ἐπεχείρησαν
621 1224 661 1306 τῇ
678 1214 763 1308 ὁδςό,
786 1220 919 1293 ἐπέλιπε
939 1217 975 1291 u)
997 1224 1069 1306 ῥέε-

60 1327 150 1404 θρον
167 1311 240 1382 οὐδ’
256 1310 421 1405 ἀπέχρησε
434 1321 474 1405 τῇ
489 1321 625 1403 στρατιῇ
639 1341 675 1383 τε
692 1319 749 1383 καί
761 1331 846 1387 τοῖσι
863 1318 998 1406 κτήνεσι
1012 1343 1070 1385 πι-

62 1412 223 1499 νόμενος,
238 1412 290 1483 ἐπὶ
305 1419 427 1482 τοῦτον
443 1409 482 1500 δη
495 1409 556 1483 τάν
567 1409 718 1499 ποταμὸν
730 1409 774 1492 ὡς
789 1411 924 1483 ἀπίκετο
935 1415 1068 1502 Ξέρξης,

61 1517 96 1593 ές
111 1508 147 1578 ιδ
158 1511 317 1599 Πριάμου
327 1515 508 1600 Πέργαμον
518 1509 623 1600 ἀνέβη
634 1515 752 1599 ἵμερον
763 1517 848 1598 ἔχων
861 1513 1068 1600 θηήσασθαι.

62 1607 277 1698 θηησάμενος
294 1614 330 1681 δέ
344 1613 399 1686 καὶ
414 1611 610 1701 πνθύμενος
627 1613 766 1695 ἐκείνων
782 1613 903 1680 ἕκαστα
917 1618 957 1701 τῇ
968 1608 1071 1697 Ἀθηψ

62 1721 140 1799 ναίη
154 1717 194 1797 τῇ
205 1706 318 1781 Ἰλιάδι
333 1715 437 1779 έθνσε
451 1716 534 1797 βοῦς
547 1715 670 1796 χιλίας,
684 1709 764 1795 χοάς
777 1713 813 1779 δέ
824 1714 859 1778 οί
870 1710 972 1797 μάγοι
986 1723 1071 1776 τοῖσι

63 1809 168 1897 ἥρωσι
185 1809 326 1898 ἐχέαντο.
350 1814 454 1892 ταῦτα
466 1809 502 1875 δέ
513 1809 770 1893 ποιησαμένοισι
783 1804 905 1885 νυκτὸς
920 1806 1027 1893 φόβος
1038 1808 1071 1884 ἐς

65 1905 99 1974 ιδ
115 1904 340 1995 στρατόπεδον
352 1907 495 1979 ἐνέπεσε.
512 1902 581 1990 ἅμα
592 1902 698 1994 ἡμέρη
710 1901 747 1972 δέ
757 1903 935 1988 ἐπορεύετο
947 1904 1071 1973 ἐνθεῦ-

63 2029 130 2090 τεν,
147 2004 184 2070 έν
195 1998 352 2093 ἀριστερῇ
362 2005 425 2090 μέν
437 1999 593 2090 ἀπέργων
600 1999 756 2076 Ῥοίτειον
768 2000 933 2070 πάλινκαλ
943 1996 1071 2085 Ὀφρύ-

64 2127 157 2170 νειον
171 2103 227 2170 καὶ
241 2101 442 2190 Δάρδανον,
474 2096 558 2192 ἥπερ
578 2097 618 2186 δὴ
632 2097 761 2192 Ἀβύδῳ
775 2096 923 2187 ἀμαυρός
939 2099 1017 2184 ἐστι,
1033 2098 1070 2164 έν

64 2201 154 2288 δεξιῇ
172 2199 208 2267 δὲ
222 2200 389 2287 Γέργιθας
408 2198 588 2285 Τευκρούς.

145 2296 232 2367 Ἐπεὶ
243 2294 273 2366 δ’
288 2299 442 2384 ἐγένοντο
454 2299 491 2365 ἐν
502 2293 643 2388 Ἀβύδῳ,
654 2294 799 2384 ἠθέλησε
805 2298 927 2382 Ξέρξης
938 2298 1071 2363 ἰδέσθαι
1085 2310 1119 2364 44

65 2413 174 2468 πάντα
187 2392 248 2464 τὸν
263 2395 416 2483 στρατόν.
439 2397 495 2463 καί
509 2401 753 2482 προεπεποίητο
768 2389 833 2481 γάρ
851 2394 901 2460 ἐπὶ
918 2397 1071 2459 κολωνοῦ

65 2502 214 2585 έαίτηδες
225 2493 331 2565 αὐτοῦ
341 2497 445 2586 ταύτῃ
457 2499 639 2585 προεξέδρη
652 2505 755 2564 λίθου
765 2501 890 2571 λευκοῦ
904 2496 1071 2579 ’έποίησαν

65 2606 102 2671 δέ
113 2599 290 2687 Ἀβυδηνοὶ
303 2598 537 2683 ἐντειλαμένου
551 2597 716 2684 πρότερον
729 2596 892 2682 βασιλέος·
922 2595 1071 2661 ένθαῦτα

66 2697 110 2778 ἀς
124 2693 394 2784 ίζετο,κατορέων
410 2696 463 2765 έπλ
479 2701 537 2780 τῆς
550 2690 664 2781 ἠιόνος
681 2689 814 2777 έθηέετο
829 2687 959 2760 καὶτὸν
972 2687 1072 2772 πεζὸν

65 2794 120 2863 καὶ
131 2792 189 2873 τὰς
200 2796 286 2872 νέας.
301 2789 540 2879 θηεύμενοςδὲ
551 2791 673 2885 ἱμέρθη
684 2796 752 2865 τάν
764 2794 853 2858 νεῶν
863 2787 1007 2874 άμιλλαν
1019 2812 1073 2871 γιὸ

64 2895 212 2979 νομένην
223 2896 364 2966 ίδέσθαι.
387 2893 457 2961 ἐπεὶ
472 2886 505 2960 δ’
523 2889 654 2977 ἐγένετό
665 2916 701 2959 τε
715 2891 769 2959 καί
782 2890 909 2955 ένίκεον
919 2893 1073 2963 Φοίνικες

65 2992 238 3077 Σιδώνιοι,
257 2988 346 3076 ἥσθη
361 3015 396 3058 τε
406 2996 446 3079 τῇ
457 2987 643 3078 ἀμίλληκαὶ
654 2995 694 3078 τῇ
705 2994 850 3075 στρατιῇ.
876 2984 935 3067 Ὡς
948 2982 1070 3071 δένδρα
1086 2995 1121 3050 λο

65 3090 175 3159 πάντα
189 3088 251 3174 μὲν
264 3085 576 3175 τδνἘλλήσποντον
589 3085 656 3156 ἀπὸ
672 3093 740 3155 τῶν
757 3091 850 3154 νεῶν.
860 3081 1074 3169 ἀποκεκρυμ-

65 3190 186 3276 μένον,
205 3185 313 3265 πάσας
326 3188 363 3255 δὲ
376 3183 434 3264 τάς
452 3183 554 3265 ἀκτάς
568 3188 624 3254 καί
637 3182 677 3254 τά
689 3183 883 3272 Ἀβυδηνῶν
893 3185 990 3251 πεδία
1002 3183 1075 3249 ἐπέ·

66 3294 150 3354 πλεα
163 3281 369 3370 ἀνθρώπων,
379 3286 530 3357 ἐνθαῦτα
540 3286 664 3372 Ξέρξης
675 3272 1002 3366 έωντδνέμακάρισε,
1014 3302 1076 3365 με·

66 3381 105 3453 τά
125 3380 160 3452 δέ
176 3381 461 3527 τοῦτοιβδάκρυσε.
486 3376 624 3451 Μαθάν
642 3382 681 3449 δέ
691 3405 750 3466 μιν
763 3373 993 3469 Ἀρτάβανοςδ
1007 3372 1122 3465 πά-λσ

152 3491 251 3530 annon.
301 3513 308 3528 .
901 3478 936 3529 10
