<?xml version="1.0" encoding="UTF-8"?>
<!DOCTYPE html PUBLIC "-//W3C//DTD XHTML 1.0 Transitional//EN"
    "http://www.w3.org/TR/xhtml1/DTD/xhtml1-transitional.dtd">
<html xmlns="http://www.w3.org/1999/xhtml" xml:lang="en" lang="en">
 <head>
  <title>
</title>
<meta http-equiv="Content-Type" content="text/html;charset=utf-8" />
  <meta name='ocr-system' content='tesseract 3.04.00' />
  <meta name='ocr-capabilities' content='ocr_page ocr_carea ocr_par ocr_line ocrx_word'/>
</head>
<body>
  <div class='ocr_page' id='page_1' title='image "./herodotihistori01herogoog_0206.png"; bbox 0 0 2378 3840; ppageno 0'>
   <div class='ocr_carea' id='block_1_1' title="bbox 324 180 1089 246">
    <p class='ocr_par' dir='ltr' id='par_1_1' title="bbox 324 180 1089 246">
     <span class='ocr_line' id='line_1_1' title="bbox 324 180 1089 246; baseline 0.004 -4"><span class='ocrx_word' id='word_1_1' title='bbox 324 186 409 243; x_wconf 77' lang='grc' dir='ltr'><strong><em>ΗΒ.</em></strong></span> <span class='ocrx_word' id='word_1_2' title='bbox 442 185 501 243; x_wconf 80' lang='lat' dir='ltr'><strong><em>vn.</em></strong></span> <span class='ocrx_word' id='word_1_3' title='bbox 533 185 632 245; x_wconf 66' lang='lat' dir='ltr'><strong><em>cm.</em></strong></span> <span class='ocrx_word' id='word_1_4' title='bbox 668 190 842 246; x_wconf 65' lang='lat'>145-147.</span> <span class='ocrx_word' id='word_1_5' title='bbox 1026 180 1089 246; x_wconf 70' lang='lat'><strong><em>1⁸³</em></strong></span> 
     </span>
    </p>
   </div>
   <div class='ocr_carea' id='block_1_2' title="bbox 61 339 1175 3464">
    <p class='ocr_par' dir='ltr' id='par_1_2' title="bbox 61 339 1175 3464">
     <span class='ocr_line' id='line_1_2' title="bbox 77 339 1087 431; baseline -0.002 -20"><span class='ocrx_word' id='word_1_6' title='bbox 77 350 213 431; x_wconf 73' lang='grc' dir='ltr'><strong><em>πρῶτον</em></strong></span> <span class='ocrx_word' id='word_1_7' title='bbox 233 343 295 428; x_wconf 74' lang='grc' dir='ltr'><strong><em>μέν</em></strong></span> <span class='ocrx_word' id='word_1_8' title='bbox 313 339 493 429; x_wconf 81' lang='grc' dir='ltr'><strong><em>χρημάτων</em></strong></span> <span class='ocrx_word' id='word_1_9' title='bbox 512 341 651 412; x_wconf 73' lang='grc' dir='ltr'><strong><em>πάντων</em></strong></span> <span class='ocrx_word' id='word_1_10' title='bbox 666 341 956 413; x_wconf 75' lang='grc' dir='ltr'><strong><em>καταλλάσσεσθαι</em></strong></span> <span class='ocrx_word' id='word_1_11' title='bbox 976 340 1036 420; x_wconf 91' lang='grc' dir='ltr'><strong><em>τάς</em></strong></span> <span class='ocrx_word' id='word_1_12' title='bbox 1050 365 1087 409; x_wconf 85' lang='grc' dir='ltr'><strong><em>τε</em></strong></span> 
     </span>
     <span class='ocr_line' id='line_1_3' title="bbox 77 431 1086 528; baseline -0.003 -18"><span class='ocrx_word' id='word_1_13' title='bbox 77 448 201 528; x_wconf 77' lang='grc' dir='ltr'><strong><em>ἔχθρας</em></strong></span> <span class='ocrx_word' id='word_1_14' title='bbox 210 442 266 508; x_wconf 81' lang='grc' dir='ltr'><strong><em>καὶ</em></strong></span> <span class='ocrx_word' id='word_1_15' title='bbox 276 437 356 519; x_wconf 78' lang='grc' dir='ltr'><strong><em>τούς</em></strong></span> <span class='ocrx_word' id='word_1_16' title='bbox 366 435 440 508; x_wconf 87' lang='grc' dir='ltr'><strong><em>κατ’</em></strong></span> <span class='ocrx_word' id='word_1_17' title='bbox 452 436 618 527; x_wconf 80' lang='grc' dir='ltr'><strong><em>άλλήλους</em></strong></span> <span class='ocrx_word' id='word_1_18' title='bbox 629 441 745 522; x_wconf 84' lang='grc' dir='ltr'><strong><em>έόντας</em></strong></span> <span class='ocrx_word' id='word_1_19' title='bbox 754 443 932 527; x_wconf 87' lang='grc' dir='ltr'><strong><em>πολέμους,</em></strong></span> <span class='ocrx_word' id='word_1_20' title='bbox 950 431 1039 527; x_wconf 85' lang='grc' dir='ltr'><strong><em>ήσαυ</em></strong></span> <span class='ocrx_word' id='word_1_21' title='bbox 1049 440 1086 507; x_wconf 71' lang='grc' dir='ltr'><strong><em>δέ</em></strong></span> 
     </span>
     <span class='ocr_line' id='line_1_4' title="bbox 76 530 1086 628; baseline -0.002 -22"><span class='ocrx_word' id='word_1_22' title='bbox 76 538 162 623; x_wconf 86' lang='grc' dir='ltr'><strong><em>πρός</em></strong></span> <span class='ocrx_word' id='word_1_23' title='bbox 175 563 269 618; x_wconf 84' lang='grc' dir='ltr'><strong><em>τινας</em></strong></span> <span class='ocrx_word' id='word_1_24' title='bbox 283 540 339 606; x_wconf 79' lang='grc' dir='ltr'><strong><em>καὶ</em></strong></span> <span class='ocrx_word' id='word_1_25' title='bbox 359 536 483 618; x_wconf 72' lang='grc' dir='ltr'><strong><em>ἄλλους</em></strong></span> <span class='ocrx_word' id='word_1_26' title='bbox 501 540 757 628; x_wconf 82' lang='grc' dir='ltr'><strong><em>ἐγκεκρημέυοι,</em></strong></span> <span class='ocrx_word' id='word_1_27' title='bbox 778 534 850 607; x_wconf 75' lang='grc' dir='ltr'><strong><em>ὅδὲ</em></strong></span> <span class='ocrx_word' id='word_1_28' title='bbox 864 530 914 606; x_wconf 75' lang='grc' dir='ltr'><strong><em>τόν</em></strong></span> <span class='ocrx_word' id='word_1_29' title='bbox 932 540 1086 624; x_wconf 83' lang='grc' dir='ltr'><strong><em>μέγιστος</em></strong></span> 
     </span>
     <span class='ocr_line' id='line_1_5' title="bbox 72 635 1084 728; baseline -0.003 -23"><span class='ocrx_word' id='word_1_30' title='bbox 72 642 286 724; x_wconf 85' lang='grc' dir='ltr'><strong><em>’Λθηναίοισί</em></strong></span> <span class='ocrx_word' id='word_1_31' title='bbox 300 663 337 706; x_wconf 87' lang='grc' dir='ltr'><strong><em>τε</em></strong></span> <span class='ocrx_word' id='word_1_32' title='bbox 357 640 413 706; x_wconf 80' lang='grc' dir='ltr'><strong><em>καὶ</em></strong></span> <span class='ocrx_word' id='word_1_33' title='bbox 428 637 637 728; x_wconf 84' lang='grc' dir='ltr'><strong><em>Αίγιυήτησι.</em></strong></span> <span class='ocrx_word' id='word_1_34' title='bbox 665 635 749 727; x_wconf 79' lang='grc' dir='ltr'><strong><em>μετὰ</em></strong></span> <span class='ocrx_word' id='word_1_35' title='bbox 767 636 1084 722; x_wconf 78' lang='grc' dir='ltr'><strong><em>δέπυνθανόμευοι</em></strong></span> 
     </span>
     <span class='ocr_line' id='line_1_6' title="bbox 75 731 1083 826; baseline -0.005 -23"><span class='ocrx_word' id='word_1_36' title='bbox 75 739 203 826; x_wconf 69' lang='grc' dir='ltr'><strong><em>Ξέρξην</em></strong></span> <span class='ocrx_word' id='word_1_37' title='bbox 219 731 285 803; x_wconf 78' lang='grc' dir='ltr'><strong><em>σύν</em></strong></span> <span class='ocrx_word' id='word_1_38' title='bbox 303 740 351 826; x_wconf 71' lang='grc' dir='ltr'><strong><em>τῷ</em></strong></span> <span class='ocrx_word' id='word_1_39' title='bbox 366 740 497 825; x_wconf 71' lang='grc' dir='ltr'><strong><em>στρατῷ</em></strong></span> <span class='ocrx_word' id='word_1_40' title='bbox 518 733 603 802; x_wconf 77' lang='grc' dir='ltr'><strong><em>εἶναι</em></strong></span> <span class='ocrx_word' id='word_1_41' title='bbox 620 737 659 804; x_wconf 82' lang='grc' dir='ltr'><strong><em>ἐν</em></strong></span> <span class='ocrx_word' id='word_1_42' title='bbox 672 735 817 820; x_wconf 79' lang='grc' dir='ltr'><strong><em>Σάρδισι</em></strong></span> <span class='ocrx_word' id='word_1_43' title='bbox 838 733 1083 821; x_wconf 78' lang='grc' dir='ltr'><strong><em>ἐβουλεύσαντο</em></strong></span> 
     </span>
     <span class='ocr_line' id='line_1_7' title="bbox 75 829 1083 920; baseline -0.003 -20"><span class='ocrx_word' id='word_1_44' title='bbox 75 832 308 911; x_wconf 77' lang='grc' dir='ltr'><strong><em>κατασκόπους</em></strong></span> <span class='ocrx_word' id='word_1_45' title='bbox 324 835 467 919; x_wconf 80' lang='grc' dir='ltr'><strong><em>πέμπειν</em></strong></span> <span class='ocrx_word' id='word_1_46' title='bbox 486 829 597 919; x_wconf 80' lang='grc' dir='ltr'><strong><em>ἐςτήν</em></strong></span> <span class='ocrx_word' id='word_1_47' title='bbox 612 829 727 920; x_wconf 83' lang='grc' dir='ltr'><strong><em>Ἀσίην</em></strong></span> <span class='ocrx_word' id='word_1_48' title='bbox 746 839 815 902; x_wconf 69' lang='grc' dir='ltr'><strong><em>τῶν</em></strong></span> <span class='ocrx_word' id='word_1_49' title='bbox 828 831 982 918; x_wconf 78' lang='grc' dir='ltr'><strong><em>βασιλέος</em></strong></span> <span class='ocrx_word' id='word_1_50' title='bbox 995 853 1083 914; x_wconf 88' lang='grc' dir='ltr'><strong><em>πρη-</em></strong></span> 
     </span>
     <span class='ocr_line' id='line_1_8' title="bbox 75 926 1083 1017; baseline -0.006 -19"><span class='ocrx_word' id='word_1_51' title='bbox 75 931 229 1017; x_wconf 85' lang='grc' dir='ltr'><strong><em>γμάτων,</em></strong></span> <span class='ocrx_word' id='word_1_52' title='bbox 255 931 289 1008; x_wconf 82' lang='grc' dir='ltr'><strong><em>ές</em></strong></span> <span class='ocrx_word' id='word_1_53' title='bbox 300 927 422 1016; x_wconf 65' lang='grc' dir='ltr'><strong><em>Ἄργος</em></strong></span> <span class='ocrx_word' id='word_1_54' title='bbox 440 955 476 999; x_wconf 89' lang='grc' dir='ltr'><strong><em>τε</em></strong></span> <span class='ocrx_word' id='word_1_55' title='bbox 490 927 653 1016; x_wconf 74' lang='grc' dir='ltr'><strong><em>ἀγγέλους</em></strong></span> <span class='ocrx_word' id='word_1_56' title='bbox 675 928 853 1016; x_wconf 75' lang='grc' dir='ltr'><strong><em>ὁμαιχμίην</em></strong></span> <span class='ocrx_word' id='word_1_57' title='bbox 867 926 1083 1012; x_wconf 83' lang='grc' dir='ltr'><strong><em>συνθησομέ-</em></strong></span> 
     </span>
     <span class='ocr_line' id='line_1_9' title="bbox 74 1023 1082 1114; baseline -0.002 -20"><span class='ocrx_word' id='word_1_58' title='bbox 74 1050 157 1106; x_wconf 92' lang='grc' dir='ltr'><strong><em>νους</em></strong></span> <span class='ocrx_word' id='word_1_59' title='bbox 171 1024 257 1114; x_wconf 83' lang='grc' dir='ltr'><strong><em>πρός</em></strong></span> <span class='ocrx_word' id='word_1_60' title='bbox 270 1024 332 1094; x_wconf 83' lang='grc' dir='ltr'><strong><em>τόν</em></strong></span> <span class='ocrx_word' id='word_1_61' title='bbox 344 1027 498 1114; x_wconf 81' lang='grc' dir='ltr'><strong><em>Πέρσην,</em></strong></span> <span class='ocrx_word' id='word_1_62' title='bbox 515 1030 571 1097; x_wconf 74' lang='grc' dir='ltr'><strong><em>καί</em></strong></span> <span class='ocrx_word' id='word_1_63' title='bbox 585 1030 618 1107; x_wconf 83' lang='grc' dir='ltr'><strong><em>ἐς</em></strong></span> <span class='ocrx_word' id='word_1_64' title='bbox 627 1033 789 1113; x_wconf 80' lang='grc' dir='ltr'><strong><em>Σικελίην</em></strong></span> <span class='ocrx_word' id='word_1_65' title='bbox 801 1023 925 1104; x_wconf 76' lang='grc' dir='ltr'><strong><em>ἄλλους</em></strong></span> <span class='ocrx_word' id='word_1_66' title='bbox 938 1027 1082 1111; x_wconf 76' lang='grc' dir='ltr'><strong><em>πέμπειν</em></strong></span> 
     </span>
     <span class='ocr_line' id='line_1_10' title="bbox 74 1119 1082 1212; baseline 0 -23"><span class='ocrx_word' id='word_1_67' title='bbox 74 1119 166 1210; x_wconf 82' lang='grc' dir='ltr'><strong><em>παρά</em></strong></span> <span class='ocrx_word' id='word_1_68' title='bbox 182 1123 321 1191; x_wconf 87' lang='grc' dir='ltr'><strong><em>Γέλαυα</em></strong></span> <span class='ocrx_word' id='word_1_69' title='bbox 336 1119 398 1192; x_wconf 79' lang='grc' dir='ltr'><strong><em>τόν</em></strong></span> <span class='ocrx_word' id='word_1_70' title='bbox 413 1127 636 1211; x_wconf 83' lang='grc' dir='ltr'><strong><em>Δεινομένεος</em></strong></span> <span class='ocrx_word' id='word_1_71' title='bbox 657 1131 691 1204; x_wconf 81' lang='grc' dir='ltr'><strong><em>ές</em></strong></span> <span class='ocrx_word' id='word_1_72' title='bbox 711 1150 747 1193; x_wconf 89' lang='grc' dir='ltr'><strong><em>τε</em></strong></span> <span class='ocrx_word' id='word_1_73' title='bbox 766 1125 947 1212; x_wconf 73' lang='grc' dir='ltr'><strong><em>Κέρκυραν</em></strong></span> <span class='ocrx_word' id='word_1_74' title='bbox 962 1122 1082 1192; x_wconf 87' lang='grc' dir='ltr'><strong><em>κελεύ-</em></strong></span> 
     </span>
     <span class='ocr_line' id='line_1_11' title="bbox 72 1220 1079 1314; baseline 0 -24"><span class='ocrx_word' id='word_1_75' title='bbox 72 1244 196 1301; x_wconf 86' lang='grc' dir='ltr'><strong><em>σοντας</em></strong></span> <span class='ocrx_word' id='word_1_76' title='bbox 206 1225 367 1309; x_wconf 72' lang='grc' dir='ltr'><strong><em>βοηθέειν</em></strong></span> <span class='ocrx_word' id='word_1_77' title='bbox 375 1231 419 1314; x_wconf 77' lang='grc' dir='ltr'><strong><em>τβ</em></strong></span> <span class='ocrx_word' id='word_1_78' title='bbox 428 1221 572 1311; x_wconf 79' lang='grc' dir='ltr'><strong><em>Ἑλλάδι,</em></strong></span> <span class='ocrx_word' id='word_1_79' title='bbox 590 1225 645 1294; x_wconf 76' lang='grc' dir='ltr'><strong><em>καὶ</em></strong></span> <span class='ocrx_word' id='word_1_80' title='bbox 655 1227 689 1305; x_wconf 84' lang='grc' dir='ltr'><strong><em>ἐς</em></strong></span> <span class='ocrx_word' id='word_1_81' title='bbox 699 1222 837 1312; x_wconf 78' lang='grc' dir='ltr'><strong><em>Κρήτην</em></strong></span> <span class='ocrx_word' id='word_1_82' title='bbox 848 1220 980 1310; x_wconf 73' lang='grc' dir='ltr'><strong><em>ἄλλους,</em></strong></span> <span class='ocrx_word' id='word_1_83' title='bbox 993 1246 1079 1310; x_wconf 45' lang='grc' dir='ltr'><strong><em>φρο*</em></strong></span> 
     </span>
     <span class='ocr_line' id='line_1_12' title="bbox 73 1316 1081 1408; baseline 0.001 -21"><span class='ocrx_word' id='word_1_84' title='bbox 73 1322 246 1408; x_wconf 78' lang='grc' dir='ltr'><strong><em>νήσαντες,</em></strong></span> <span class='ocrx_word' id='word_1_85' title='bbox 258 1329 293 1390; x_wconf 79' lang='grc' dir='ltr'><strong><em>εί</em></strong></span> <span class='ocrx_word' id='word_1_86' title='bbox 299 1346 365 1400; x_wconf 85' lang='grc' dir='ltr'><strong><em>κως</em></strong></span> <span class='ocrx_word' id='word_1_87' title='bbox 376 1323 417 1390; x_wconf 77' lang='grc' dir='ltr'><strong><em>έν</em></strong></span> <span class='ocrx_word' id='word_1_88' title='bbox 427 1347 463 1389; x_wconf 92' lang='grc' dir='ltr'><strong><em>τε</em></strong></span> <span class='ocrx_word' id='word_1_89' title='bbox 477 1321 608 1408; x_wconf 82' lang='grc' dir='ltr'><strong><em>γένοιτο</em></strong></span> <span class='ocrx_word' id='word_1_90' title='bbox 622 1318 660 1390; x_wconf 88' lang='grc' dir='ltr'><strong><em>τδ</em></strong></span> <span class='ocrx_word' id='word_1_91' title='bbox 672 1316 878 1407; x_wconf 82' lang='grc' dir='ltr'><strong><em>Ἑλληνικὸν,</em></strong></span> <span class='ocrx_word' id='word_1_92' title='bbox 889 1322 945 1388; x_wconf 77' lang='grc' dir='ltr'><strong><em>καὶ</em></strong></span> <span class='ocrx_word' id='word_1_93' title='bbox 957 1325 987 1388; x_wconf 89' lang='grc' dir='ltr'><strong><em>εί</em></strong></span> <span class='ocrx_word' id='word_1_94' title='bbox 996 1340 1081 1405; x_wconf 87' lang='grc' dir='ltr'><strong><em>συγ-</em></strong></span> 
     </span>
     <span class='ocr_line' id='line_1_13' title="bbox 73 1414 1081 1508; baseline -0.003 -22"><span class='ocrx_word' id='word_1_95' title='bbox 73 1416 241 1497; x_wconf 77' lang='grc' dir='ltr'><strong><em>κύψαντες</em></strong></span> <span class='ocrx_word' id='word_1_96' title='bbox 255 1414 361 1487; x_wconf 79' lang='grc' dir='ltr'><strong><em>τάυτό</em></strong></span> <span class='ocrx_word' id='word_1_97' title='bbox 382 1417 567 1508; x_wconf 78' lang='grc' dir='ltr'><strong><em>πρήσσοιεν</em></strong></span> <span class='ocrx_word' id='word_1_98' title='bbox 576 1418 699 1497; x_wconf 91' lang='grc' dir='ltr'><strong><em>πάντες</em></strong></span> <span class='ocrx_word' id='word_1_99' title='bbox 716 1415 761 1497; x_wconf 77' lang='grc' dir='ltr'><strong><em>ὡς</em></strong></span> <span class='ocrx_word' id='word_1_100' title='bbox 778 1422 900 1486; x_wconf 78' lang='grc' dir='ltr'><strong><em>δεινῶν</em></strong></span> <span class='ocrx_word' id='word_1_101' title='bbox 916 1415 1081 1487; x_wconf 82' lang='grc' dir='ltr'><strong><em>ἐπιόντων</em></strong></span> 
     </span>
     <span class='ocr_line' id='line_1_14' title="bbox 72 1514 1081 1605; baseline 0 -23"><span class='ocrx_word' id='word_1_102' title='bbox 72 1514 194 1600; x_wconf 85' lang='grc' dir='ltr'><strong><em>ὁμοίως</em></strong></span> <span class='ocrx_word' id='word_1_103' title='bbox 208 1522 290 1585; x_wconf 78' lang='grc' dir='ltr'><strong><em>πᾶσι</em></strong></span> <span class='ocrx_word' id='word_1_104' title='bbox 305 1514 449 1604; x_wconf 80' lang='grc' dir='ltr'><strong><em>Ἕλλησι.</em></strong></span> <span class='ocrx_word' id='word_1_105' title='bbox 479 1514 520 1585; x_wconf 84' lang='grc' dir='ltr'><strong><em>τά</em></strong></span> <span class='ocrx_word' id='word_1_106' title='bbox 538 1519 575 1587; x_wconf 80' lang='grc' dir='ltr'><strong><em>δέ</em></strong></span> <span class='ocrx_word' id='word_1_107' title='bbox 587 1517 741 1596; x_wconf 85' lang='grc' dir='ltr'><strong><em>Γέλωνος</em></strong></span> <span class='ocrx_word' id='word_1_108' title='bbox 760 1516 938 1605; x_wconf 85' lang='grc' dir='ltr'><strong><em>πρήγματα</em></strong></span> <span class='ocrx_word' id='word_1_109' title='bbox 952 1515 1081 1602; x_wconf 84' lang='grc' dir='ltr'><strong><em>μεγάλα</em></strong></span> 
     </span>
     <span class='ocr_line' id='line_1_15' title="bbox 72 1609 1087 1702; baseline -0.002 -22"><span class='ocrx_word' id='word_1_110' title='bbox 72 1612 203 1697; x_wconf 76' lang='grc' dir='ltr'><strong><em>ἐλέγετο</em></strong></span> <span class='ocrx_word' id='word_1_111' title='bbox 214 1609 317 1699; x_wconf 77' lang='grc' dir='ltr'><strong><em>εἶναι,</em></strong></span> <span class='ocrx_word' id='word_1_112' title='bbox 332 1611 492 1700; x_wconf 80' lang='grc' dir='ltr'><strong><em>ούδαμύν</em></strong></span> <span class='ocrx_word' id='word_1_113' title='bbox 500 1611 704 1702; x_wconf 80' lang='grc' dir='ltr'><strong><em>Ἑλληνικῶν</em></strong></span> <span class='ocrx_word' id='word_1_114' title='bbox 713 1621 781 1682; x_wconf 74' lang='grc' dir='ltr'><strong><em>τῶν</em></strong></span> <span class='ocrx_word' id='word_1_115' title='bbox 792 1611 834 1682; x_wconf 87' lang='grc' dir='ltr'><strong><em>ού</em></strong></span> <span class='ocrx_word' id='word_1_116' title='bbox 845 1611 972 1684; x_wconf 84' lang='grc' dir='ltr'><strong><em>πολλὸν</em></strong></span> <span class='ocrx_word' id='word_1_117' title='bbox 982 1613 1087 1699; x_wconf 64' lang='grc' dir='ltr'><strong><em>μέρεα·</em></strong></span> 
     </span>
     <span class='ocr_line' id='line_1_16' title="bbox 67 1708 1149 1800; baseline 0.007 -23"><span class='ocrx_word' id='word_1_118' title='bbox 67 1708 125 1788; x_wconf 75' lang='grc' dir='ltr'><strong><em>Ὡς</em></strong></span> <span class='ocrx_word' id='word_1_119' title='bbox 137 1710 173 1778; x_wconf 72' lang='grc' dir='ltr'><strong><em>δὲ</em></strong></span> <span class='ocrx_word' id='word_1_120' title='bbox 185 1711 290 1779; x_wconf 88' lang='grc' dir='ltr'><strong><em>ταῦτά</em></strong></span> <span class='ocrx_word' id='word_1_121' title='bbox 300 1730 362 1798; x_wconf 85' lang='grc' dir='ltr'><strong><em>σφι</em></strong></span> <span class='ocrx_word' id='word_1_122' title='bbox 373 1716 476 1800; x_wconf 77' lang='grc' dir='ltr'><strong><em>ἔδοξε,</em></strong></span> <span class='ocrx_word' id='word_1_123' title='bbox 485 1713 752 1800; x_wconf 88' lang='grc' dir='ltr'><strong><em>καταλυσάμενοι</em></strong></span> <span class='ocrx_word' id='word_1_124' title='bbox 761 1711 821 1792; x_wconf 80' lang='grc' dir='ltr'><strong><em>τὰς</em></strong></span> <span class='ocrx_word' id='word_1_125' title='bbox 831 1719 955 1800; x_wconf 78' lang='grc' dir='ltr'><strong><em>ἔχθρας</em></strong></span> <span class='ocrx_word' id='word_1_126' title='bbox 965 1719 1080 1800; x_wconf 79' lang='grc' dir='ltr'><strong><em>πρῶτα</em></strong></span> <span class='ocrx_word' id='word_1_127' title='bbox 1098 1727 1149 1785; x_wconf 71' lang='grc' dir='ltr'><strong><em>ιίο</em></strong></span> 
     </span>
     <span class='ocr_line' id='line_1_17' title="bbox 72 1806 1074 1896; baseline 0.004 -23"><span class='ocrx_word' id='word_1_128' title='bbox 72 1808 134 1893; x_wconf 75' lang='grc' dir='ltr'><strong><em>μέν</em></strong></span> <span class='ocrx_word' id='word_1_129' title='bbox 148 1806 380 1888; x_wconf 87' lang='grc' dir='ltr'><strong><em>κατασκόπους</em></strong></span> <span class='ocrx_word' id='word_1_130' title='bbox 393 1808 563 1895; x_wconf 86' lang='grc' dir='ltr'><strong><em>πέμπουσι</em></strong></span> <span class='ocrx_word' id='word_1_131' title='bbox 579 1812 613 1889; x_wconf 88' lang='grc' dir='ltr'><strong><em>ές</em></strong></span> <span class='ocrx_word' id='word_1_132' title='bbox 627 1807 691 1896; x_wconf 86' lang='grc' dir='ltr'><strong><em>τήν</em></strong></span> <span class='ocrx_word' id='word_1_133' title='bbox 706 1807 819 1896; x_wconf 81' lang='grc' dir='ltr'><strong><em>Ἀσίην</em></strong></span> <span class='ocrx_word' id='word_1_134' title='bbox 839 1807 965 1896; x_wconf 75' lang='grc' dir='ltr'><strong><em>ἄνδρας</em></strong></span> <span class='ocrx_word' id='word_1_135' title='bbox 978 1822 1074 1896; x_wconf 81' lang='grc' dir='ltr'><strong><em>τρεῖς.</em></strong></span> 
     </span>
     <span class='ocr_line' id='line_1_18' title="bbox 72 1903 1079 1997; baseline 0 -23"><span class='ocrx_word' id='word_1_136' title='bbox 72 1911 106 1974; x_wconf 93' lang='grc' dir='ltr'><strong><em>οί</em></strong></span> <span class='ocrx_word' id='word_1_137' title='bbox 121 1906 157 1975; x_wconf 75' lang='grc' dir='ltr'><strong><em>δὲ</em></strong></span> <span class='ocrx_word' id='word_1_138' title='bbox 167 1903 369 1994; x_wconf 79' lang='grc' dir='ltr'><strong><em>ἀπικόμενοί</em></strong></span> <span class='ocrx_word' id='word_1_139' title='bbox 378 1933 414 1977; x_wconf 86' lang='grc' dir='ltr'><strong><em>τε</em></strong></span> <span class='ocrx_word' id='word_1_140' title='bbox 429 1909 601 1997; x_wconf 81' lang='grc' dir='ltr'><strong><em>ἐςΣάρδις</em></strong></span> <span class='ocrx_word' id='word_1_141' title='bbox 614 1911 670 1978; x_wconf 77' lang='grc' dir='ltr'><strong><em>καὶ</em></strong></span> <span class='ocrx_word' id='word_1_142' title='bbox 681 1909 932 1996; x_wconf 77' lang='grc' dir='ltr'><strong><em>καταμαθόντες</em></strong></span> <span class='ocrx_word' id='word_1_143' title='bbox 942 1905 1004 1997; x_wconf 81' lang='grc' dir='ltr'><strong><em>τήν</em></strong></span> <span class='ocrx_word' id='word_1_144' title='bbox 1015 1915 1079 1994; x_wconf 89' lang='grc' dir='ltr'><strong><em>βα-</em></strong></span> 
     </span>
     <span class='ocr_line' id='line_1_19' title="bbox 70 2002 1079 2094; baseline 0 -22"><span class='ocrx_word' id='word_1_145' title='bbox 70 2004 180 2082; x_wconf 85' lang='grc' dir='ltr'><strong><em>σιλέος</em></strong></span> <span class='ocrx_word' id='word_1_146' title='bbox 194 2007 368 2092; x_wconf 86' lang='grc' dir='ltr'><strong><em>στρατιήν,</em></strong></span> <span class='ocrx_word' id='word_1_147' title='bbox 389 2002 435 2084; x_wconf 79' lang='grc' dir='ltr'><strong><em>ὦς</em></strong></span> <span class='ocrx_word' id='word_1_148' title='bbox 451 2004 600 2074; x_wconf 80' lang='grc' dir='ltr'><strong><em>ἐπάίστοι</em></strong></span> <span class='ocrx_word' id='word_1_149' title='bbox 619 2006 795 2094; x_wconf 84' lang='grc' dir='ltr'><strong><em>ἐγένοντο,</em></strong></span> <span class='ocrx_word' id='word_1_150' title='bbox 816 2002 1079 2094; x_wconf 78' lang='grc' dir='ltr'><strong><em>βασανισθέντες</em></strong></span> 
     </span>
     <span class='ocr_line' id='line_1_20' title="bbox 71 2101 1078 2195; baseline 0.001 -25"><span class='ocrx_word' id='word_1_151' title='bbox 71 2101 137 2170; x_wconf 83' lang='grc' dir='ltr'><strong><em>ὑπὸ</em></strong></span> <span class='ocrx_word' id='word_1_152' title='bbox 148 2109 216 2170; x_wconf 76' lang='grc' dir='ltr'><strong><em>τῶν</em></strong></span> <span class='ocrx_word' id='word_1_153' title='bbox 222 2111 416 2190; x_wconf 67' lang='grc' dir='ltr'><strong><em>στρατηγεῖν</em></strong></span> <span class='ocrx_word' id='word_1_154' title='bbox 427 2113 488 2174; x_wconf 85' lang='grc' dir='ltr'><strong><em>τού</em></strong></span> <span class='ocrx_word' id='word_1_155' title='bbox 495 2111 596 2188; x_wconf 72' lang='grc' dir='ltr'><strong><em>πεζοῦ</em></strong></span> <span class='ocrx_word' id='word_1_156' title='bbox 606 2113 751 2195; x_wconf 82' lang='grc' dir='ltr'><strong><em>στρατοῦ</em></strong></span> <span class='ocrx_word' id='word_1_157' title='bbox 760 2103 928 2194; x_wconf 84' lang='grc' dir='ltr'><strong><em>άπήγοντο</em></strong></span> <span class='ocrx_word' id='word_1_158' title='bbox 941 2101 1078 2184; x_wconf 81' lang='grc' dir='ltr'><strong><em>ύςάπο-</em></strong></span> 
     </span>
     <span class='ocr_line' id='line_1_21' title="bbox 71 2198 1077 2292; baseline 0.01 -22"><span class='ocrx_word' id='word_1_159' title='bbox 71 2198 235 2287; x_wconf 86' lang='grc' dir='ltr'><strong><em>λεόμενοι.</em></strong></span> <span class='ocrx_word' id='word_1_160' title='bbox 259 2205 326 2270; x_wconf 77' lang='grc' dir='ltr'><strong><em>Καὶ</em></strong></span> <span class='ocrx_word' id='word_1_161' title='bbox 338 2217 424 2272; x_wconf 69' lang='grc' dir='ltr'><strong><em>τοῖσι</em></strong></span> <span class='ocrx_word' id='word_1_162' title='bbox 433 2205 497 2291; x_wconf 77' lang='grc' dir='ltr'><strong><em>μέν</em></strong></span> <span class='ocrx_word' id='word_1_163' title='bbox 508 2205 724 2292; x_wconf 84' lang='grc' dir='ltr'><strong><em>κατακέκριτο</em></strong></span> <span class='ocrx_word' id='word_1_164' title='bbox 734 2203 895 2291; x_wconf 85' lang='grc' dir='ltr'><strong><em>θάνατος,</em></strong></span> <span class='ocrx_word' id='word_1_165' title='bbox 906 2202 1030 2289; x_wconf 70' lang='grc' dir='ltr'><strong><em>Ξέρξης</em></strong></span> <span class='ocrx_word' id='word_1_166' title='bbox 1040 2201 1077 2269; x_wconf 60' lang='grc' dir='ltr'><strong><em>δὲ</em></strong></span> 
     </span>
     <span class='ocr_line' id='line_1_22' title="bbox 70 2295 1175 2389; baseline 0.005 -26"><span class='ocrx_word' id='word_1_167' title='bbox 70 2297 115 2375; x_wconf 81' lang='grc' dir='ltr'><strong><em>ὡς</em></strong></span> <span class='ocrx_word' id='word_1_168' title='bbox 132 2298 276 2366; x_wconf 82' lang='grc' dir='ltr'><strong><em>ἐπύθετο</em></strong></span> <span class='ocrx_word' id='word_1_169' title='bbox 293 2307 398 2368; x_wconf 79' lang='grc' dir='ltr'><strong><em>ταῦτα</em></strong></span> <span class='ocrx_word' id='word_1_170' title='bbox 402 2350 413 2386; x_wconf 90' lang='grc'><strong><em>,</em></strong></span> <span class='ocrx_word' id='word_1_171' title='bbox 430 2305 597 2389; x_wconf 80' lang='grc' dir='ltr'><strong><em>μεμφθείς</em></strong></span> <span class='ocrx_word' id='word_1_172' title='bbox 611 2311 680 2371; x_wconf 71' lang='grc' dir='ltr'><strong><em>τόν</em></strong></span> <span class='ocrx_word' id='word_1_173' title='bbox 696 2307 893 2388; x_wconf 76' lang='grc' dir='ltr'><strong><em>στρατηγῶν</em></strong></span> <span class='ocrx_word' id='word_1_174' title='bbox 905 2299 969 2388; x_wconf 84' lang='grc' dir='ltr'><strong><em>τήν</em></strong></span> <span class='ocrx_word' id='word_1_175' title='bbox 984 2300 1076 2386; x_wconf 80' lang='grc' dir='ltr'><strong><em>γνύ-</em></strong></span> <span class='ocrx_word' id='word_1_176' title='bbox 1165 2295 1175 2332; x_wconf 67' lang='lat'>³</span> 
     </span>
     <span class='ocr_line' id='line_1_23' title="bbox 70 2392 1077 2520; baseline 0.005 -61"><span class='ocrx_word' id='word_1_177' title='bbox 70 2421 136 2477; x_wconf 89' lang='grc' dir='ltr'><strong><em>μην</em></strong></span> <span class='ocrx_word' id='word_1_178' title='bbox 151 2394 272 2479; x_wconf 77' lang='grc' dir='ltr'><strong><em>πέμπει</em></strong></span> <span class='ocrx_word' id='word_1_179' title='bbox 285 2403 353 2464; x_wconf 78' lang='grc' dir='ltr'><strong><em>τῶν</em></strong></span> <span class='ocrx_word' id='word_1_180' title='bbox 366 2423 460 2477; x_wconf 90' lang='grc' dir='ltr'><strong><em>τινας</em></strong></span> <span class='ocrx_word' id='word_1_181' title='bbox 472 2398 686 2486; x_wconf 81' lang='grc' dir='ltr'><strong><em>δορυφόρων,</em></strong></span> <span class='ocrx_word' id='word_1_182' title='bbox 701 2392 980 2485; x_wconf 81' lang='grc' dir='ltr'><strong><em>έντειλάμευος,’“</em></strong></span> <span class='ocrx_word' id='word_1_183' title='bbox 956 2423 1002 2520; x_wconf 84' lang='grc' dir='ltr'><strong><em>ην</em></strong></span> <span class='ocrx_word' id='word_1_184' title='bbox 1014 2423 1077 2465; x_wconf 87' lang='grc' dir='ltr'><strong><em>κα-</em></strong></span> 
     </span>
     <span class='ocr_line' id='line_1_24' title="bbox 69 2489 1076 2616; baseline 0.006 -61"><span class='ocrx_word' id='word_1_185' title='bbox 69 2490 238 2573; x_wconf 82' lang='grc' dir='ltr'><strong><em>ταλάβοισι</em></strong></span> <span class='ocrx_word' id='word_1_186' title='bbox 251 2489 331 2569; x_wconf 83' lang='grc' dir='ltr'><strong><em>τούς</em></strong></span> <span class='ocrx_word' id='word_1_187' title='bbox 350 2495 583 2574; x_wconf 89' lang='grc' dir='ltr'><strong><em>κατασκόπους</em></strong></span> <span class='ocrx_word' id='word_1_188' title='bbox 596 2494 798 2581; x_wconf 69' lang='grc' dir='ltr'><strong><em>ζύοντας,”</em></strong></span> <span class='ocrx_word' id='word_1_189' title='bbox 777 2521 873 2580; x_wconf 89' lang='grc' dir='ltr'><strong><em>αγειν</em></strong></span> <span class='ocrx_word' id='word_1_190' title='bbox 889 2520 965 2616; x_wconf 90' lang='grc' dir='ltr'><strong><em>παρ</em></strong></span> <span class='ocrx_word' id='word_1_191' title='bbox 960 2493 1076 2562; x_wconf 85' lang='grc' dir='ltr'><strong><em>’έωυ-</em></strong></span> 
     </span>
     <span class='ocr_line' id='line_1_25' title="bbox 69 2581 1076 2712; baseline 0.006 -59"><span class='ocrx_word' id='word_1_192' title='bbox 69 2587 140 2654; x_wconf 90' lang='grc' dir='ltr'><strong><em>τόν.</em></strong></span> <span class='ocrx_word' id='word_1_193' title='bbox 163 2581 208 2702; x_wconf 75' lang='grc' dir='ltr'><strong><em>ὡς</em></strong></span> <span class='ocrx_word' id='word_1_194' title='bbox 222 2586 258 2653; x_wconf 70' lang='grc' dir='ltr'><strong><em>δὲ</em></strong></span> <span class='ocrx_word' id='word_1_195' title='bbox 273 2592 320 2655; x_wconf 87' lang='grc' dir='ltr'><strong><em>ἐτι</em></strong></span> <span class='ocrx_word' id='word_1_196' title='bbox 333 2591 528 2676; x_wconf 86' lang='grc' dir='ltr'><strong><em>περιεόντας</em></strong></span> <span class='ocrx_word' id='word_1_197' title='bbox 543 2589 669 2670; x_wconf 86' lang='grc' dir='ltr'><strong><em>αύτούς</em></strong></span> <span class='ocrx_word' id='word_1_198' title='bbox 681 2593 866 2678; x_wconf 78' lang='grc' dir='ltr'><strong><em>κατέλαβον</em></strong></span> <span class='ocrx_word' id='word_1_199' title='bbox 880 2583 965 2660; x_wconf 81' lang='grc' dir='ltr'><strong><em>καὶ</em></strong></span> <span class='ocrx_word' id='word_1_200' title='bbox 944 2617 1036 2712; x_wconf 89' lang='grc' dir='ltr'><strong><em>ηγον</em></strong></span> <span class='ocrx_word' id='word_1_201' title='bbox 1042 2592 1076 2670; x_wconf 89' lang='grc' dir='ltr'><strong><em>ἐς</em></strong></span> 
     </span>
     <span class='ocr_line' id='line_1_26' title="bbox 68 2679 1170 2780; baseline 0.007 -32"><span class='ocrx_word' id='word_1_202' title='bbox 68 2681 149 2763; x_wconf 78' lang='grc' dir='ltr'><strong><em>όψιν</em></strong></span> <span class='ocrx_word' id='word_1_203' title='bbox 163 2708 226 2769; x_wconf 90' lang='grc' dir='ltr'><strong><em>την</em></strong></span> <span class='ocrx_word' id='word_1_204' title='bbox 239 2683 410 2773; x_wconf 81' lang='grc' dir='ltr'><strong><em>βασιλέος,</em></strong></span> <span class='ocrx_word' id='word_1_205' title='bbox 426 2713 463 2755; x_wconf 91' lang='grc' dir='ltr'><strong><em>το</em></strong></span> <span class='ocrx_word' id='word_1_206' title='bbox 452 2683 641 2756; x_wconf 82' lang='grc' dir='ltr'><strong><em>ἐνθεῦτεν</em></strong></span> <span class='ocrx_word' id='word_1_207' title='bbox 653 2689 849 2774; x_wconf 88' lang='grc' dir='ltr'><strong><em>πυθόμενος</em></strong></span> <span class='ocrx_word' id='word_1_208' title='bbox 863 2684 916 2756; x_wconf 76' lang='grc' dir='ltr'><strong><em>ἐπ’</em></strong></span> <span class='ocrx_word' id='word_1_209' title='bbox 933 2679 1036 2756; x_wconf 82' lang='grc' dir='ltr'><strong><em>οἷσι</em></strong></span> <span class='ocrx_word' id='word_1_210' title='bbox 1011 2695 1076 2777; x_wconf 79' lang='grc' dir='ltr'><strong><em>ηλ·</em></strong></span> <span class='ocrx_word' id='word_1_211' title='bbox 1167 2776 1170 2780; x_wconf 19' lang='lat'><strong>⁴</strong></span> 
     </span>
     <span class='ocr_line' id='line_1_27' title="bbox 66 2779 1075 2873; baseline 0.009 -27"><span class='ocrx_word' id='word_1_212' title='bbox 66 2790 145 2866; x_wconf 87' lang='grc' dir='ltr'><strong><em>θον,</em></strong></span> <span class='ocrx_word' id='word_1_213' title='bbox 162 2779 317 2849; x_wconf 80' lang='grc' dir='ltr'><strong><em>ἐκέλευσέ</em></strong></span> <span class='ocrx_word' id='word_1_214' title='bbox 330 2800 435 2868; x_wconf 85' lang='grc' dir='ltr'><strong><em>σφεας</em></strong></span> <span class='ocrx_word' id='word_1_215' title='bbox 447 2782 528 2865; x_wconf 86' lang='grc' dir='ltr'><strong><em>τούς</em></strong></span> <span class='ocrx_word' id='word_1_216' title='bbox 537 2785 754 2873; x_wconf 85' lang='grc' dir='ltr'><strong><em>δορυφόρους</em></strong></span> <span class='ocrx_word' id='word_1_217' title='bbox 764 2786 986 2872; x_wconf 88' lang='grc' dir='ltr'><strong><em>περιάγοντας</em></strong></span> <span class='ocrx_word' id='word_1_218' title='bbox 1000 2789 1075 2855; x_wconf 85' lang='grc' dir='ltr'><strong><em>ἐπι·</em></strong></span> 
     </span>
     <span class='ocr_line' id='line_1_28' title="bbox 67 2879 1073 2972; baseline 0.007 -29"><span class='ocrx_word' id='word_1_219' title='bbox 67 2881 265 2946; x_wconf 81' lang='grc' dir='ltr'><strong><em>δείκνυσθαι</em></strong></span> <span class='ocrx_word' id='word_1_220' title='bbox 282 2880 394 2949; x_wconf 87' lang='grc' dir='ltr'><strong><em>πάντα</em></strong></span> <span class='ocrx_word' id='word_1_221' title='bbox 406 2907 443 2950; x_wconf 89' lang='grc' dir='ltr'><strong><em>τε</em></strong></span> <span class='ocrx_word' id='word_1_222' title='bbox 461 2881 522 2951; x_wconf 84' lang='grc' dir='ltr'><strong><em>τόν</em></strong></span> <span class='ocrx_word' id='word_1_223' title='bbox 535 2879 637 2964; x_wconf 74' lang='grc' dir='ltr'><strong><em>πεζόν</em></strong></span> <span class='ocrx_word' id='word_1_224' title='bbox 650 2879 793 2972; x_wconf 81' lang='grc' dir='ltr'><strong><em>στρατὸν</em></strong></span> <span class='ocrx_word' id='word_1_225' title='bbox 806 2885 863 2951; x_wconf 81' lang='grc' dir='ltr'><strong><em>καί</em></strong></span> <span class='ocrx_word' id='word_1_226' title='bbox 876 2880 939 2970; x_wconf 87' lang='grc' dir='ltr'><strong><em>τήν</em></strong></span> <span class='ocrx_word' id='word_1_227' title='bbox 956 2885 1073 2971; x_wconf 75' lang='grc' dir='ltr'><strong><em>ἵππον,</em></strong></span> 
     </span>
     <span class='ocr_line' id='line_1_29' title="bbox 66 2972 1072 3069; baseline 0.01 -29"><span class='ocrx_word' id='word_1_228' title='bbox 66 2972 168 3042; x_wconf 82' lang='grc' dir='ltr'><strong><em>ἐπεάν</em></strong></span> <span class='ocrx_word' id='word_1_229' title='bbox 183 2977 218 3043; x_wconf 77' lang='grc' dir='ltr'><strong><em>δὲ</em></strong></span> <span class='ocrx_word' id='word_1_230' title='bbox 233 2983 338 3044; x_wconf 83' lang='grc' dir='ltr'><strong><em>ταῦτα</em></strong></span> <span class='ocrx_word' id='word_1_231' title='bbox 353 2979 539 3067; x_wconf 81' lang='grc' dir='ltr'><strong><em>θηεύμενοι</em></strong></span> <span class='ocrx_word' id='word_1_232' title='bbox 552 2987 630 3050; x_wconf 84' lang='grc' dir='ltr'><strong><em>ἐωσι</em></strong></span> <span class='ocrx_word' id='word_1_233' title='bbox 641 2981 798 3068; x_wconf 87' lang='grc' dir='ltr'><strong><em>πλήρεες,</em></strong></span> <span class='ocrx_word' id='word_1_234' title='bbox 812 2979 1025 3069; x_wconf 74' lang='grc' dir='ltr'><strong><em>ἀποπέμπειν</em></strong></span> <span class='ocrx_word' id='word_1_235' title='bbox 1038 2984 1072 3061; x_wconf 87' lang='grc' dir='ltr'><strong><em>ἐς</em></strong></span> 
     </span>
     <span class='ocr_line' id='line_1_30' title="bbox 66 3069 1141 3168; baseline 0.007 -30"><span class='ocrx_word' id='word_1_236' title='bbox 66 3071 127 3158; x_wconf 84' lang='grc' dir='ltr'><strong><em>τήν</em></strong></span> <span class='ocrx_word' id='word_1_237' title='bbox 141 3069 186 3140; x_wconf 81' lang='grc' dir='ltr'><strong><em>άυ</em></strong></span> <span class='ocrx_word' id='word_1_238' title='bbox 199 3071 294 3144; x_wconf 79' lang='grc' dir='ltr'><strong><em>αύτοδ</em></strong></span> <span class='ocrx_word' id='word_1_239' title='bbox 308 3077 452 3147; x_wconf 78' lang='grc' dir='ltr'><strong><em>ἐθέλωσι</em></strong></span> <span class='ocrx_word' id='word_1_240' title='bbox 466 3080 580 3168; x_wconf 81' lang='grc' dir='ltr'><strong><em>χύρην</em></strong></span> <span class='ocrx_word' id='word_1_241' title='bbox 596 3077 742 3160; x_wconf 75' lang='grc' dir='ltr'><strong><em>ἀσινέας.</em></strong></span> <span class='ocrx_word' id='word_1_242' title='bbox 760 3075 943 3165; x_wconf 78' lang='grc' dir='ltr'><strong><em>Ἐπιλέγων</em></strong></span> <span class='ocrx_word' id='word_1_243' title='bbox 957 3077 994 3147; x_wconf 71' lang='grc' dir='ltr'><strong><em>δέ</em></strong></span> <span class='ocrx_word' id='word_1_244' title='bbox 1010 3077 1072 3148; x_wconf 82' lang='grc' dir='ltr'><strong><em>τὸν</em></strong></span> <span class='ocrx_word' id='word_1_245' title='bbox 1088 3087 1141 3146; x_wconf 69' lang='grc'><strong><em>147</em></strong></span> 
     </span>
     <span class='ocr_line' id='line_1_31' title="bbox 63 3169 1074 3267; baseline 0.01 -29"><span class='ocrx_word' id='word_1_246' title='bbox 63 3169 168 3254; x_wconf 87' lang='grc' dir='ltr'><strong><em>λόγον</em></strong></span> <span class='ocrx_word' id='word_1_247' title='bbox 187 3171 285 3241; x_wconf 85' lang='grc' dir='ltr'><strong><em>τόνδε</em></strong></span> <span class='ocrx_word' id='word_1_248' title='bbox 299 3181 404 3243; x_wconf 74' lang='grc' dir='ltr'><strong><em>ταῦτα</em></strong></span> <span class='ocrx_word' id='word_1_249' title='bbox 423 3177 672 3267; x_wconf 64' lang='grc' dir='ltr'><strong><em>ένετέλλετο,’</em></strong></span> <span class='ocrx_word' id='word_1_250' title='bbox 648 3205 694 3258; x_wconf 83' lang='grc' dir='ltr'><strong><em>ως</em></strong></span> <span class='ocrx_word' id='word_1_251' title='bbox 714 3184 745 3248; x_wconf 90' lang='grc' dir='ltr'><strong><em>εί</em></strong></span> <span class='ocrx_word' id='word_1_252' title='bbox 763 3178 827 3264; x_wconf 70' lang='grc' dir='ltr'><strong><em>μέν</em></strong></span> <span class='ocrx_word' id='word_1_253' title='bbox 840 3175 1016 3248; x_wconf 83' lang='grc' dir='ltr'><strong><em>άπάλοντο</em></strong></span> <span class='ocrx_word' id='word_1_254' title='bbox 1040 3185 1074 3248; x_wconf 90' lang='grc' dir='ltr'><strong><em>οί</em></strong></span> 
     </span>
     <span class='ocr_line' id='line_1_32' title="bbox 65 3269 1070 3398; baseline 0.006 -61"><span class='ocrx_word' id='word_1_255' title='bbox 65 3269 283 3355; x_wconf 89' lang='grc' dir='ltr'><strong><em>κατάσκοποι,</em></strong></span> <span class='ocrx_word' id='word_1_256' title='bbox 299 3271 377 3342; x_wconf 84' lang='grc' dir='ltr'><strong><em>ούτε</em></strong></span> <span class='ocrx_word' id='word_1_257' title='bbox 388 3270 433 3343; x_wconf 82' lang='grc' dir='ltr'><strong><em>άν</em></strong></span> <span class='ocrx_word' id='word_1_258' title='bbox 442 3273 480 3345; x_wconf 85' lang='grc' dir='ltr'><strong><em>τά</em></strong></span> <span class='ocrx_word' id='word_1_259' title='bbox 495 3281 624 3347; x_wconf 81' lang='grc' dir='ltr'><strong><em>ἑαυτοῦ</em></strong></span> <span class='ocrx_word' id='word_1_260' title='bbox 638 3278 816 3365; x_wconf 84' lang='grc' dir='ltr'><strong><em>πρήγματα</em></strong></span> <span class='ocrx_word' id='word_1_261' title='bbox 830 3276 1070 3398; x_wconf 76' lang='grc' dir='ltr'><strong><em>προεπύθοντο</em></strong></span> 
     </span>
     <span class='ocr_line' id='line_1_33' title="bbox 61 3359 1070 3464; baseline 0.012 -34"><span class='ocrx_word' id='word_1_262' title='bbox 61 3359 110 3432; x_wconf 86' lang='grc' dir='ltr'><strong><em>οί</em></strong></span> <span class='ocrx_word' id='word_1_263' title='bbox 109 3363 258 3451; x_wconf 78' lang='grc' dir='ltr'><strong><em>Έλληνες</em></strong></span> <span class='ocrx_word' id='word_1_264' title='bbox 272 3369 370 3439; x_wconf 86' lang='grc' dir='ltr'><strong><em>ἐοντα</em></strong></span> <span class='ocrx_word' id='word_1_265' title='bbox 379 3372 485 3460; x_wconf 88' lang='grc' dir='ltr'><strong><em>λογον</em></strong></span> <span class='ocrx_word' id='word_1_266' title='bbox 496 3375 582 3461; x_wconf 77' lang='grc' dir='ltr'><strong><em>μεζω</em></strong></span> <span class='ocrx_word' id='word_1_267' title='bbox 588 3425 599 3463; x_wconf 91' lang='grc'><strong><em>,</em></strong></span> <span class='ocrx_word' id='word_1_268' title='bbox 615 3373 688 3446; x_wconf 76' lang='grc' dir='ltr'><strong><em>οὔτ’</em></strong></span> <span class='ocrx_word' id='word_1_269' title='bbox 706 3403 750 3443; x_wconf 92' lang='grc' dir='ltr'><strong><em>αν</em></strong></span> <span class='ocrx_word' id='word_1_270' title='bbox 760 3400 791 3442; x_wconf 87' lang='grc' dir='ltr'><strong><em>τι</em></strong></span> <span class='ocrx_word' id='word_1_271' title='bbox 802 3400 882 3456; x_wconf 90' lang='grc' dir='ltr'><strong><em>τους</em></strong></span> <span class='ocrx_word' id='word_1_272' title='bbox 890 3378 1070 3464; x_wconf 87' lang='grc' dir='ltr'><strong><em>πολεμίους</em></strong></span> 
     </span>
    </p>
   </div>
   <div class='ocr_carea' id='block_1_3' title="bbox 1085 3546 1128 3616">
    <p class='ocr_par' dir='ltr' id='par_1_3' title="bbox 1085 3546 1128 3616">
     <span class='ocr_line' id='line_1_34' title="bbox 1085 3546 1128 3616; baseline 0 0"><span class='ocrx_word' id='word_1_273' title='bbox 1085 3546 1128 3616; x_wconf 73' lang='grc' dir='ltr'>Ι</span> 
     </span>
    </p>
   </div>
   <div class='ocr_carea' id='block_1_4' title="bbox 0 0 1194 3840">
    <p class='ocr_par' dir='ltr' id='par_1_4' title="bbox 0 0 1194 3840">
     <span class='ocr_line' id='line_1_35' title="bbox 0 0 1194 3840; baseline 0 4"><span class='ocrx_word' id='word_1_274' title='bbox 0 0 1194 3840; x_wconf 95' lang='lat' dir='ltr'><strong><em> </em></strong></span> 
     </span>
    </p>
   </div>
  </div>
 </body>
</html>
