2378 3840
129 175 193 240 222
503 179 754 237 ΗΒΒΟΒΟΉ

129 337 189 420 ut,
200 332 267 402 ὑπὸ
279 337 316 402 δέ
326 331 509 422 άναγταίης
519 335 669 420 ἐχόμενοι
676 339 935 422 έςΘερμοιόλας
944 338 1135 423 ἀπικοίατο,

127 438 183 502 καὶ
199 431 342 501 άναίτιοι
358 433 426 502 εἶεν
446 443 508 502 τοῦ
521 438 693 520 τρόματος
711 443 773 502 τοῦ
788 437 966 521 γεγονότος
984 442 1134 524 βασιλέϊ·

128 531 211 612 όςτε
236 540 341 600 ταῦτα
356 537 509 619 λέγοντες
524 541 769 619 περιεγίιυυτο·
793 531 883 618 εἶχον
896 533 962 620 γὰρ
976 541 1032 603 καλ
1042 545 1114 604 Θεσ
1123 577 1136 587 -

127 628 252 708 σαλούς
264 637 333 697 τῶν
352 632 464 715 λόγων
478 632 608 698 τούτων
624 633 804 716 μάρτυρας.
839 630 893 698 ού
907 636 1020 717 μέντοι
1036 634 1079 699 τά
1092 660 1136 718 γε

126 727 237 796 πάντα
255 726 458 814 εὐτύχησαν·
487 726 532 808 ὥς
550 729 616 816 γάρ
633 728 758 807 αύτούς
774 735 896 814 ἔλαβον
917 736 951 798 ολ
963 732 1131 817 βάρβαροι

128 827 306 910 ἐλθόντας,
330 820 411 906 τούς
429 832 492 914 μέν
510 857 604 908 τινας
623 833 677 898 καὶ
700 828 900 917 ἀπέκτειναν
918 830 1132 914 προσιόντας,

128 924 205 1005 τούς
219 928 256 994 δέ
266 933 412 1007 πλεῦνας
426 928 539 997 αὐτῶν
552 930 773 1006 κελεύσαντος
782 929 910 1010 Ξέρξεα
921 935 1048 1008 ἔστιζον
1059 937 1137 996 στί-

125 1051 235 1112 γματα
244 1027 417 1113 βασιλήια,
427 1025 608 1114 ἀρξάμενοι
619 1024 685 1093 άπό
696 1033 758 1092 τοῦ
769 1031 956 1109 στρατηγοῦ
967 1027 1131 1092 Ammoi-

126 1129 208 1209 δεω,
231 1130 292 1190 τοῦ
306 1122 367 1191 τόν
380 1130 484 1193 παῖδα
497 1123 701 1210 Εὐρύμαχον
716 1122 828 1212 χρόνῳ
841 1125 1030 1206 μετέπειτεν
1047 1122 1127 1206 έφό-

125 1241 252 1288 νευσαν
267 1227 445 1299 Πλαταιέες
458 1221 730 1306 στρατηγήσαντα
746 1218 883 1307 ἀνδρῶν
896 1224 1054 1304 Θηβαίων
1074 1245 1119 1285 τε

125 1322 314 1398 τρακοσίων
330 1321 385 1385 καὶ
399 1318 521 1404 σχόντα
535 1317 572 1384 τό
589 1317 674 1384 άστυ
686 1315 724 1384 τό
739 1320 944 1385 Πλαταιέων.

56 1428 109 1484 234
210 1418 253 1482 οί
265 1415 328 1500 μὲν
341 1412 384 1500 δὴ
398 1419 475 1499 περὶ
488 1415 709 1499 Θερμοπύλας
720 1412 878 1498 Ἕλληνες
894 1411 983 1478 οὕτω
1003 1409 1130 1496 ι’γγωνίε

125 1533 245 1599 σαντο,
261 1517 382 1598 Ξέρξης
395 1515 433 1581 δέ
447 1516 588 1590 καλέσας
597 1513 803 1597 Δημάρητον
814 1510 933 1592 είριότα
943 1508 1130 1596 όρξάμενος

125 1614 280 1680 ἐνθένδε·
304 1611 503 1698 Δημάρητε,
524 1609 611 1697 ἀνὴρ
633 1609 678 1688 εἷς
691 1608 830 1694 άγαθός.
857 1617 1071 1695 τεκμαίρομαι
1091 1612 1128 1676 δέ

123 1714 164 1796 τῇ
177 1703 335 1795 ἀληθείη·
357 1705 420 1775 ὅσοι
433 1706 497 1795 γὰρ
510 1707 612 1792 εἶπας,
627 1706 759 1774 ἅπαντα
773 1705 879 1795 ἀπέβη
892 1707 990 1775 οὕτω.
1013 1716 1080 1774 νῦν
1091 1711 1132 1776 δέ
1152 1726 1157 1730 “

125 1831 181 1893 μοι
199 1808 286 1891 είπέ,
307 1805 404 1873 κόσοι
420 1810 509 1884 τινίς
524 1811 587 1874 είσι
602 1810 636 1872 οί
650 1809 760 1873 λοιποὶ
773 1805 1049 1891 Λακεδαιμόνιοι,
1071 1808 1129 1872 καὶ

124 1904 255 1972 τούτων
269 1902 385 1973 ὁκόσοι
404 1912 550 1972 τοιοῦτοι
569 1903 610 1972 τό
629 1909 787 1990 πολέμια,
812 1913 877 1972 είτε
897 1908 952 1971 καὶ
972 1903 1131 1982 ἅπαντες,

119 2000 155 2071 ‘0
171 2001 203 2068 δ’
221 2000 305 2071 εἷπε·
331 1999 370 2072 Ὦ
385 2010 549 2091 βασιλεῦ,
561 2010 692 2089 πλῆθος
706 2004 768 2087 μὲν
781 2001 920 2069 πάντων
934 2008 1002 2068 των
1017 2008 1131 2068 Λακε-

124 2106 308 2189 δαιμονίων
323 2101 518 2187 πολλόνκαὶ
536 2104 649 2182 πόλιες
662 2106 785 2170 πολλαί
790 2126 798 2141 ·
824 2098 862 2166 τό
878 2103 914 2166 δὲ
930 2102 1057 2178 ἐθέλεις
1072 2102 1131 2165 ἐκ·

123 2210 264 2287 μαθεῖν,
280 2201 429 2288 εἰδήσεις.
454 2207 522 2268 ἔστι
537 2203 573 2268 έν
586 2207 626 2289 τῇ
637 2203 861 2283 Λακεδαίμονι
875 2198 1016 2283 Σπάρτη
1031 2199 1131 2275 πόλις

123 2298 259 2383 ἀνδρῶν
274 2297 527 2384 ὀκτακισχιλίων
537 2298 679 2384 μάλιστά
691 2324 744 2385 κη,
760 2299 815 2363 καὶ
826 2288 920 2362 οὗτοι
931 2295 1053 2373 πάντες
1064 2301 1129 2363 είσλ

123 2399 231 2488 όμολοι
245 2413 330 2467 τοῖσι
342 2399 467 2467 ἐνθάδε
478 2403 748 2485 μαχεσαμένοισι·
770 2400 806 2462 οῗ
817 2421 855 2482 γε
869 2393 937 2482 μην
948 2393 1043 2463 άλλοι
1054 2403 1129 2463 Δα-

123 2497 328 2584 κεδαιμόνιοι
348 2497 496 2566 τούτοισι
511 2501 574 2583 μὲν
594 2495 657 2564 οὐκ
675 2493 802 2580 ὁμοῖοι,
823 2493 946 2582 άγαθολ
962 2499 1006 2561 δέ.
1043 2493 1128 2561 Εἶπε

122 2593 206 2682 πρὸς
220 2602 324 2662 ταῦτα
334 2597 471 2680 Ξέρξης·
493 2594 685 2681 Δημάρητε,
696 2596 759 2686 τέῳ
769 2593 882 2683 τρόπω
894 2591 1128 2678 ἀπονητότατα

121 2702 189 2761 τῶν
200 2691 335 2777 ἀνδρῶν
346 2693 475 2759 τούτων
488 2694 766 2778 έπικρατήσομενς
782 2701 833 2759 ίθι
851 2689 973 2776 ἐξηγέο.
1003 2689 1047 2757 σύ
1058 2689 1126 2776 γάρ

122 2798 203 2879 ἔχεις
225 2789 336 2858 αὐτόν
356 2789 415 2868 τοὶς
431 2793 601 2870 διεξόδους
613 2799 683 2858 ’τῶν
696 2791 938 2878 βουλευμάτων
952 2784 1005 2856 οἷα
1025 2796 1127 2875 βασι-

52 2909 105 2963 2³5
120 2889 197 2970 λεύς
211 2890 399 2978 γενόμενος,
434 2888 470 2956 ‘0
485 2889 521 2956 δὲ
536 2887 705 2978 άμείβετο·
728 2886 768 2956 Ὦ
786 2894 939 2975 βασιλεῦ,
962 2893 993 2954 εί
1005 2888 1067 2971 μὲν
1083 2886 1125 2973 δὴ

122 2988 370 3074 συμβουλεύεαί
381 3013 437 3073 μοι
452 2989 654 3074 προθύμως,
677 2987 808 3055 δίκαιόν
822 2988 866 3071 μέ
883 2990 939 3053 σοί
950 2986 1126 3070 έστιηρά-

122 3091 189 3165 ζειν
203 3082 240 3151 τό
256 3083 402 3169 άριστον.
432 3091 463 3153 εί
473 3094 531 3171 τῆς
547 3093 706 3172 ναυτικῆς
723 3092 876 3171 στρατιῆς
896 3086 974 3160 νέας
988 3109 1125 3168 τριηκο-

122 3187 194 3257 σίας
210 3178 435 3260 όιποστείλειιις
450 3185 500 3251 έπλ
516 3181 578 3268 τὴν
591 3192 768 3253 Δακαιναν
782 3183 903 3270 χώρην.
932 3187 999 3248 ἔστι
1018 3180 1054 3247 δὲ
1069 3180 1125 3248 ἐπ’

122 3274 206 3362 αὐτῇ
227 3283 326 3361 νῆσος
350 3280 554 3366 ἐπικειμένη,
577 3289 616 3368 τῇ
637 3280 767 3367 ούνομά
789 3283 857 3346 ἐστι
878 3278 1040 3365 Κύθηρα,
1062 3280 1126 3368 τὴν

117 3378 234 3440 Χίλων
249 3369 334 3457 ἀνὴρ
349 3373 429 3458 παρ’
445 3375 526 3461 ἡμῖν
537 3379 729 3462 σοφιότατος
738 3376 920 3464 γενόμενος
931 3382 1048 3457 κέρδος
1062 3385 1108 3464 με’
