2378 3840
321 209 408 266 lIB.
443 209 502 265 vll.
535 210 634 269 cAP.
666 215 806 272 69-64.
1007 210 1070 276 15³

65 363 129 436 ύπδ
151 367 213 453 μέν
228 363 397 454 Ἑλλήνων
411 372 586 452 Κηφῆνες,
609 365 676 435 ὑπό
692 372 805 454 μέντοι
825 375 940 460 σφέων
955 371 1070 442 αὐτῶν

62 466 117 531 καὶ
136 469 204 530 τῶν
218 470 398 548 περιοίκων
414 460 566 549 Ἀρταῖοι.
596 467 667 532 ἐπεὶ
680 466 717 533 δὲ
730 467 881 555 Περσεύς
895 468 913 536 ὁ
928 471 1069 592 Δανάης

62 585 96 627 τε
110 563 164 628 καὶ
176 557 261 640 Διός
274 558 409 629 ἀπίκετο
423 584 514 644 παρα
502 557 690 647 Κηφέα
655 587 715 630 τον
726 564 839 652 Βήλου
850 569 905 637 καί
916 574 989 655 ἔσχε
1003 566 1065 635 αύ-

62 665 123 726 τοῦ
137 655 198 744 την
210 661 384 751 θυγατέρα
395 656 633 747 Ἀνδρομέδην,
654 667 782 747 γίνεται
797 662 886 759 αύτῷ
903 682 997 754 καίς,
1019 674 1067 758 τῷ

61 752 741 843 ούνομαέθετοΠέρθην,τοῦτονδδαύτον
727 738 955 832 καταλείπει·
968 765 1065 851 ἐτύγ-

60 877 141 938 χανε
151 850 216 938 γάρ
226 851 328 932 άπαις
338 849 433 920 ἐύνδ
446 851 584 940 Κηφεύς
595 856 782 941 έρσενος’
739 864 855 943 γυνου.
879 860 931 928 ἐπλ
943 860 1065 929 τούτου

61 946 181 1035 δότην
201 953 393 1036 ἐπωνυμίην
410 955 533 1036 ἔσχον.Ι
539 954 663 1037 Μῆδοι
685 949 772 1019 δὲ
734 976 799 1039 την
815 951 922 1041 αὐτὴν
938 957 1063 1044 ταύτην
1078 973 1114 1029 6²

61 1051 252 1136 ἐσταλμένοι
263 1050 516 1134 ἐστρατενοντο
527 1048 665 1137 Μηδικη
677 1072 742 1138 γαρ
753 1048 983 1140 αυτηησκενη
977 1051 1064 1121 ἐστι

45 1154 116 1220 καὶ
139 1179 180 1220 ου
169 1142 352 1251 ’Περσικά
383 1155 454 1220 οίδ
454 1152 605 1236 ἐΜῆδοι
625 1149 769 1238 όρχοντα
789 1155 868 1238 μὲν
863 1159 1062 1240 παρείχοντο

65 1252 235 1340 Τιγράνην
249 1242 356 1340 ἄνδρα
367 1248 612 1338 Ἀχαιμενίδην,
627 1250 801 1319 ἐκαλέοντο
817 1249 853 1319 66
867 1250 969 1319 πάλαι
980 1251 1063 1339 πρὸς

61 1351 197 1419 πάντων
209 1349 334 1436 Ἀρ·,ιοι
349 1348 552 1436 ἀπικομένης
564 1353 601 1417 δέ
615 1353 766 1435 Μηδείης
780 1355 838 1436 τῆς
855 1353 1015 1435 Κολχίδος
1029 1353 1062 1429 ἐξ

57 1448 227 1534 Ἀθηνέων
243 1451 276 1527 ἐς
296 1446 375 1528 τούς
394 1446 523 1535 Ἀρίους
540 1448 680 1526 τούτους
695 1450 876 1536 μετέβαλον
894 1450 947 1516 καὶ
969 1439 1063 1516 οὗτοι

62 1545 97 1614 τὸ
121 1545 257 1633 ούνομα.
286 1543 440 1614 αύτολδέ
460 1548 535 1633 περὶ
557 1549 671 1632 σφέων
693 1537 759 1634 ὦδε
781 1547 916 1632 λέγουσι
937 1549 1059 1632 Μῆδοι.

63 1651 193 1713 Κίσσιοι
211 1644 246 1712 δέ
260 1646 516 1733 στρατευόμενοι
531 1670 571 1712 τα
559 1642 649 1744 μέχ
662 1628 746 1713 άλλα
761 1640 844 1713 κατά
859 1670 921 1730 περ
934 1646 1062 1733 Πέρσαι

62 1743 279 1829 ἐσκευάδατο,
296 1741 370 1811 άντλ
384 1745 502 1812 δέτων
515 1749 623 1810 πίλων
628 1712 946 1831 μιτρηφόροιήσαν.
976 1750 1061 1810 Κισ-

60 1846 143 1907 σιων
157 1832 229 1906 66
207 1863 286 1925 ηρχε
296 1837 469 1927 Ἀνάφης’
455 1867 473 1908 ο
488 1839 638 1909 Ὀτάνεω.
667 1838 836 1928 Ὑρκάνιοι
851 1843 887 1908 δέ
900 1840 984 1908 κατά
998 1865 1060 1923 περ

61 1939 186 2023 Πέρσαι
197 1938 383 2026 ἐσεσαχατο,
394 1935 543 2025 ἡγεμόνα
554 1937 991 2024 παρεχομενοιΜεγαπανον
1001 1962 1061 2004 τον

58 2041 261 2122 Βαβυλῶνος
277 2033 419 2122 ὕστερον
435 2034 564 2104 τούτων
579 2034 872 2123 ἐπιτροπεύσαντα.
891 2032 1061 2119 Ἀσσύριοι
1075 2047 1109 2102 6³

58 2133 95 2202 δέ
110 2135 366 2221 στρατευόμενοι
385 2137 462 2221 περὶ
476 2136 538 2221 μὲν
558 2141 633 2224 τῇσι
647 2141 810 2224 κεφαλῇσι
831 2131 919 2221 εἶχον
936 2132 1060 2220 χάλκεά

59 2257 93 2298 τε
114 2230 240 2316 κράνεα
260 2234 316 2302 καί
336 2236 546 2320 πεπλεγμένα
564 2233 691 2319 τρόπον
711 2229 786 2300 τινά
804 2232 977 2320 βάρβαρον
997 2228 1060 2298 οὐκ

56 2327 284 2416 εὐαπήγητον,
299 2327 440 2410 ἀσπίδας
450 2329 487 2398 δὲ
496 2333 552 2399 καὶ
563 2327 681 2417 αίχμδις
692 2332 746 2397 καί
757 2330 935 2416 ἐγχειρίδια
951 2353 1057 2411 παρα-

57 2426 179 2513 πλήσια
201 2441 285 2496 τοῖσι
301 2433 512 2514 Αύγυπτίυισι
528 2427 631 2515 εἶχον,
653 2425 737 2528 πρός
753 2427 789 2495 66
804 2427 934 2512 ῥόπαλα
949 2425 1059 2507 ξύλων

58 2528 266 2609 τετυλωμένα
280 2526 407 2616 σιδήρῳ
421 2548 476 2593 και
464 2527 621 2603 λινέους
634 2520 803 2610 θύρηκας.
832 2517 925 2591 οὗτοι
940 2520 1008 2591 66‘
992 2520 1056 2590 υπὸ

58 2622 120 2708 μὲν
99 2618 297 2707 νΕλλήυων
311 2623 485 2689 ἐκαλέοντο
501 2623 641 2709 Σύριοι,
662 2618 782 2689 ὑπὸδὲ
795 2625 864 2687 τῶν
877 2619 1058 2738 βαρβάρων

54 2715 221 2805 Ἀσσύριοι
235 2719 436 2842 ἐκλήθησαν.
450 2717 589 2806 [τούτων
604 2716 640 2786 66
654 2712 776 2805 μεταξύ
786 2709 1000 2798 Χαλδαίοι1,ἴ
979 2741 1059 2803 ηρχε

56 2820 95 2886 δέ
108 2838 222 2903 σφεων
235 2815 394 2904 Οτασπης
409 2813 455 2884 6
449 2821 640 2934 Αρταχαίυν
598 2815 830 2900 υνΒάιλτριοι
851 2811 888 2881 66
902 2815 978 2900 περὶ
993 2814 1059 2898 μὲν
1072 2827 1106 2883 64

55 2922 129 3004 τῇσι
151 2914 348 3006 κεφαλησι’
329 2915 491 3003 αγχότατα
511 2921 580 2982 τοῖν
600 2918 767 3001 Μηδικων
788 2916 917 2998 ἔχοντες
941 2911 1057 2995 ἐστρα-

53 3013 191 3081 τεύοντο
199 3012 302 3101 ,τόξα
317 3015 354 3082 δὲ
365 3013 531 3099 καλάμινα
542 3011 700 3098 ἐπιχώρια
713 3011 815 3079 κοιλία
812 3002 896 3093 χμάς
906 3007 1055 3090 βραχέας.

54 3109 165 3177 Σάκαι
184 3112 268 3180 δὲοὶ
253 3111 419 3180 [Σκύθαι
432 3113 508 3199 περὶ
528 3108 591 3197 μέν
605 3114 679 3198 τῇσι
694 3111 857 3193 κεφαλησι
873 3106 1057 3189 κυρβασίας

53 3207 86 3284 ές
100 3202 161 3286 όξι)
175 3204 366 3295 ἀπηγμένας
380 3205 487 3295 ὀρθάς
498 3205 586 3294 εἶχον
597 3210 793 3292 πεπηγυίας,
808 3196 1056 3286 άναξνρίδαςδλ

53 3304 276 3372 ἐνδεδύιιεσαν
283 3306 388 3390 ,τόξα
408 3308 445 3376 δὲ
459 3305 618 3394 ἐπιχωρια
632 3305 687 3372 καὶ
703 3305 900 3388 ἐγχειρίδια,
920 3293 1004 3386 πρὸς
1019 3297 1055 3363 66

52 3409 106 3529 καὶ
128 3401 241 3485 άξίνας
265 3407 403 3494 σαγάρις
425 3407 552 3496 εἶχον.
550 3408 698 3482 τούτους
720 3403 756 3470 δέ
775 3400 890 3479 ἐόντας
915 3398 1056 3477 Σκύθας
