2378 3840
134 171 212 233 σεο·
340 148 343 156 ’
514 169 766 229 ευεουοτι
1179 39 1185 303 ἡ

88 342 123 423 α)
135 330 335 408 ἐπελθόντες
344 331 396 398 ἐπὶ
405 324 483 406 τούς
495 327 657 415 ἐφόρους·
670 325 845 414 ’Έκεμιμαν
855 326 957 415 ἡμέας
968 325 1144 417 Ἀθηναῖοι

20 514 25 526 Ι
134 436 304 519 λέγοντες,
320 429 372 498 ὅτι
381 426 462 516 ἡμῖν
473 426 659 515 βασιλεάςὸ
674 428 806 514 Μὴδων
820 435 918 497 τοῦτο
929 429 992 516 μὲν
1003 426 1068 516 τὴν
1079 429 1144 515 χώ-

134 557 200 618 ρην
214 527 385 614 ἀποδιδοῖ,
401 532 500 593 τοῦτο
512 526 548 593 δέ
559 527 754 617 συμμάχους
769 519 878 595 έθέλει
894 523 946 595 ἐπ’
964 537 1021 615 ίση
1038 552 1076 594 τε
1092 529 1144 593 καί
1164 569 1166 573 ,

133 630 232 718 ὁμοίη
248 627 453 714 ποιήσασθαι
468 624 551 693 ἀνευ
565 652 601 693 τε
617 617 726 695 ’δόλου
743 628 797 694 καὶ
813 623 955 710 ἀπάτης,
978 626 1093 693 ἐθέλει
1130 624 1143 690 λ

132 731 189 797 καὶ
205 727 309 812 ἀλλην
323 724 436 811 χώρην
451 722 534 808 πρὸς
545 730 584 811 τῇ
595 721 739 811 ἡμετέρη
749 722 898 807 διδόναι,
916 720 977 809 τὴν
990 718 1035 788 ἀν
1048 720 1143 790 αὐτοί

132 826 303 911 ἑλώμεθα·
325 820 418 910 ἡμεῖς
433 824 468 889 δὲ
479 826 546 890 Δία
562 847 597 888 τε
606 819 781 908 Ἑλλήνιον
792 823 1003 897 αἰδεσθέντες
1013 823 1073 888 καὶ
1083 820 1143 907 τὴν

127 921 269 991 Ἐλλάδα
286 917 400 988 δεινόν
417 918 610 1004 ποιεύμενοι
624 923 811 1005 προδοῦναι
827 915 868 994 οὑ
886 924 1141 1006 καταινέσαμεν,

133 1017 218 1088 ἀλλά
234 1015 458 1103 ἀπειπάμεθα,
476 1023 593 1104 καίπερ
605 1015 816 1104 ἀδικεόμενοι
827 1015 887 1084 ὑπ’
901 1015 1073 1104 Ἑλλήνων
1090 1021 1142 1086 καὶ

88 1176 93 1182 .
131 1115 454 1202 καταπροδιδόμενοι
465 1115 679 1200 ἐπιστάμενοί
686 1142 720 1183 τε
732 1114 783 1184 ὅτι
793 1117 1065 1206 κερδαλεώτερόν
1075 1120 1144 1185 ἐστι

132 1213 326 1300 ὁμολογέειν
347 1219 392 1302 τῷ
412 1215 525 1300 Πέρση
546 1219 675 1298 μᾶλλον
691 1211 774 1302 ἥπερ
792 1219 983 1301 πολεμέειν·
1017 1214 1062 1284 οὐ
1081 1218 1140 1302 μὲν

132 1313 213 1382 οὐδὲ
230 1313 482 1400 ὁμολογήσομεν
495 1315 627 1393 ἑκόντες
642 1312 735 1386 εἶναι.
759 1317 815 1385 καὶ
828 1311 866 1382 ιδ
878 1314 940 1400 μὲν
954 1311 1014 1383 ἀπ’
1026 1313 1139 1405 ἡμέων

87 1417 121 1498 β)
134 1411 222 1480 οὕτω
237 1409 419 1499 ἀκίβδηλον
433 1409 492 1480 ἐὰν
508 1415 638 1498 νέμεται
650 1415 702 1481 ἐπὶ
711 1411 966 1500 τοὺςἝλληνας.
984 1412 1096 1500 Ὑμεῖς
1106 1414 1140 1482 δὲ

132 1515 167 1591 ἐς
183 1517 294 1578 πᾶσαν
310 1506 481 1598 ἀρρωδίην
496 1512 571 1579 τότε
591 1509 789 1597 ἀπικόμενοι
808 1509 853 1598 μὴ
878 1509 1138 1599 ὁμολογήσωμεν

131 1616 179 1698 τῷ
191 1611 322 1697 Πέρση,
348 1607 454 1675 έπείτε
479 1607 656 1694 ἐξεμάθετε
675 1604 712 1676 τό
728 1605 889 1694 ἡμέτερον
904 1608 1066 1695 φρόνημα
1081 1630 1136 1678 σα·

132 1709 238 1793 φέως,
263 1706 314 1774 ὅτι
332 1702 464 1793 οὐδαμὰ
478 1706 699 1792 προδώσομεν
719 1703 781 1791 τὴν
799 1703 956 1792 Ἑλλάδα,
981 1709 1039 1775 καί
1055 1705 1139 1775 διότι

131 1819 236 1890 τεῖχος
250 1802 332 1889 ὑμῖν
349 1802 404 1871 διά
423 1810 484 1872 τοῦ
500 1801 636 1890 Ἰσθμοῦ
651 1803 879 1888 ἐλαυνόμενον
899 1807 936 1872 ἐν
950 1806 1040 1873 τέλεϊ
1061 1808 1139 1892 ἐστι,

131 1908 187 1972 καὶ
199 1901 239 1989 δὴ
252 1903 355 1988 λόγον
366 1900 489 1972 οὐδένα
501 1911 568 1971 τών
579 1901 768 1990 Ἀθηναίων
780 1906 952 1991 ποιέεσθε,
968 1910 1138 1992 συνθέμε-

131 2007 188 2068 νοί
204 2025 239 2067 τε
259 1997 339 2087 ἡμῖν
362 1998 423 2068 τόν
440 2006 577 2087 Πέρσην
597 1998 823 2070 ἀντιώσεσθαι
840 2006 872 2080 ἐς
892 2002 953 2090 τὴν
973 2012 1139 2092 Βοιωτίην

41 2119 46 2122 “
130 2097 382 2186 προδεδώκατε,
402 2101 583 2186 περιείδετέ
598 2124 632 2166 τε
649 2100 834 2186 ἐσβαλόντα
855 2103 888 2179 ἐς
907 2100 969 2189 τὴν
988 2099 1140 2189 Ἀττικὴν

130 2199 191 2269 τὸν
201 2198 387 2288 βάρβαρον.
411 2201 444 2276 ἐς
453 2200 516 2284 μέν
530 2223 596 2264 νυν
606 2194 642 2263 τὸ
655 2195 783 2284 παρεόν
794 2196 966 2285 Ἀθηναῖοι
977 2197 1062 2286 ὑμῖν
1076 2230 1122 2288 μη
1135 2243 1142 2252 ·

131 2310 258 2372 νίουσι·
287 2295 329 2367 οὐ
344 2296 408 2385 μάρ
429 2296 604 2383 ἐποιήσατε
619 2300 812 2384 ἐπιτηδέως·
840 2305 905 2367 νῦν
923 2300 959 2366 δὲ
974 2297 1027 2367 ὅτι
1041 2302 1141 2387 τάχος

131 2394 290 2484 στρατιὴν
312 2394 380 2481 ἅμα
400 2391 481 2481 ἡμῖν
495 2397 675 2463 ἐκέλευσαν
690 2393 796 2483 ὑμέας
810 2399 1006 2484 ἐκπέμπειν,
1033 2397 1080 2479 ὡς
1097 2396 1141 2468 ἀν

130 2494 191 2566 τὸν
200 2495 375 2584 βάρβαρον
386 2493 563 2580 δεκώμεθα
575 2496 613 2561 ἐν
623 2501 663 2583 τῇ
673 2492 810 2583 Ἀττικῇ.
825 2493 938 2582 ἐπειδὴ
950 2494 1015 2583 γάρ
1026 2493 1141 2584 ἡμάρ-

131 2618 232 2680 τομεν
245 2599 303 2679 τῆς
313 2598 482 2679 Βοιωτίης,
497 2598 554 2677 τῆς
567 2617 607 2678 γε
621 2589 780 2680 ἡμετέρης
791 2594 1057 2679 έπιτηδεώτατόν
1072 2599 1142 2665 ἐστι

95 2712 114 2765 8
131 2699 379 2781 έμμοιχέσασθαι
395 2690 432 2759 τὸ
448 2693 612 2780 Θριάσιον
627 2697 754 2768 πεδίον.
781 2691 840 2772 Ὦς
857 2695 893 2761 δέ
907 2690 972 2777 ἀρα
985 2693 1142 2780 ἥκουσαν

132 2800 166 2863 oc
181 2800 298 2879 ἔφοροι
312 2799 432 2878 ταῦτα,
448 2790 673 2881 ἀνεβάλλοντο
686 2796 720 2872 ἐς
729 2791 792 2881 τὴν
802 2792 983 2881 ὑστεραίην
994 2793 1142 2885 ὑποκρί-

130 2902 273 2977 νασθαι,
288 2897 328 2980 τῇ
339 2891 376 2958 δέ
393 2889 552 2980 ὑστεραίῃ
567 2897 600 2972 ἐς
614 2890 675 2980 τὴν
692 2894 816 2981 ἑτέρην.
846 2898 945 2961 τοῦτο
963 2894 999 2961 δέ
1014 2898 1073 2962 καὶ
1088 2898 1143 2964 ἐπί

131 2993 211 3059 δέκα
223 2986 348 3077 ἡμέρας
363 2993 511 3078 ἐποίεον,
527 2994 560 3072 ἐξ
576 2990 700 3078 ἡμέρης
714 2993 747 3070 ἐς
761 2988 889 3078 ἡμέρην
905 2986 1142 3078 ἀναβαλλόμε-

130 3116 195 3158 νοι.
225 3091 262 3156 ἐν
277 3090 313 3156 δὲ
329 3087 437 3179 τούτῳ
457 3095 502 3179 τῷ
516 3087 627 3178 χρόνῳ
643 3086 704 3157 τδν
721 3086 857 3176 Ἰσθμὸν
872 3091 1014 3174 έτείχεον
1029 3110 1142 3159 σπου-

131 3184 195 3273 δὴν
210 3191 339 3271 ἔχοντες
352 3184 480 3273 πολλὴν
499 3185 621 3265 πάντες
634 3187 919 3274 Πελοποννήσιοι,
941 3194 1001 3256 καί
1014 3209 1079 3274 σφι
1098 3184 1143 3276 ἦν

130 3281 214 3372 πρός
228 3286 322 3352 τέλει.
351 3281 427 3352 οὐδ’
445 3289 507 3369 έχω
523 3283 610 3352 εἶπαι
625 3282 661 3352 τό
679 3295 803 3372 αίτιον,
827 3284 913 3353 διότι
929 3281 1142 3373 ἀπικομένου

124 3386 192 3471 μέν
203 3379 424 3472 Ἀλεξάνδρου
433 3390 494 3452 τοῦ
502 3386 701 3466 Μακεδόνος
713 3389 746 3466 ές
757 3383 902 3472 Ἀθήνας
912 3384 1069 3474 σπουδὴν
1080 3414 1137 3474 με·

63 3600 103 3615 Ι..
