2378 3840
319 183 404 240 ιιΒ.
434 181 479 239 lx.
512 182 611 238 σεε.
645 187 784 243 οι-οο.
988 179 1050 244 319

45 342 188 429 χόμενος
201 347 325 411 λευκοῦ
346 345 431 427 έχων
450 365 485 407 τε
500 339 576 424 περὶ
592 337 718 408 ἑωυτὸν
734 342 877 427 λογάδας
892 345 1051 429 Περσέων

44 437 127 518 τούς
141 436 296 525 ἀρίστους
309 444 451 524 χιλίους,
466 437 569 526 ταύτῃ
584 435 621 504 δὲ
637 439 693 505 καὶ
706 439 848 524 μάλιστα
862 437 941 520 τούς
951 444 1051 508 έναν-

44 543 139 616 τίους
153 540 297 604 ἐπίεσαν.
320 534 402 603 ὅσον
419 537 481 621 μέν
494 561 561 602 νυν
574 535 698 621 χρόνον
708 537 906 625 Μαρδόνιος
920 545 1049 624 περιῆν,

46 639 84 703 οί
98 634 134 702 δέ
148 631 302 718 ἀντεῖχον
315 634 372 700 καί
381 629 589 719 ἀμυνόμενοι
604 635 808 719 κατέβαλλον
823 631 969 713 πολλοὺς
982 641 1050 701 τῶν

44 738 339 819 Λακεδαιμονίων,
361 728 406 811 ὡς
422 732 460 801 δέ
474 731 672 818 Μαρδόνιος
686 729 835 801 ἀπέθανε
850 736 905 801 καί
920 730 956 800 τὸ
975 735 1050 819 περὶ

45 836 177 902 έκείνον
193 833 394 918 τεταγμένον
407 827 465 897 ἐὸν
477 829 694 915 ίσχυρότατον
708 835 819 918 ἔπεσε,
835 830 924 898 οὕτω
938 828 978 917 δή
995 832 1049 897 καὶ

45 937 82 1001 οί
90 930 186 1001 ἄλλοι
196 931 379 1017 ἐτράποντο
390 932 446 997 καὶ
453 927 543 1008 εἶξαν
553 943 638 997 τοῖσι
643 933 943 1016 Λακεδαιμονίοισι.
957 937 1050 997 πλεί-

45 1052 128 1100 στου
143 1028 208 1118 γάρ
224 1048 329 1116 σφεας
349 1029 499 1115 ἐδηλέετο
514 1024 535 1114 ή
550 1026 652 1113 ἐσθής
667 1031 787 1115 έρήμος
802 1030 903 1095 ἐοῦσα
917 1025 1048 1095 ὅπλων·

44 1127 130 1214 πρὸς
142 1124 206 1214 γάρ
217 1124 352 1205 ὁπλίτας
363 1125 473 1204 ἐόντες
484 1131 646 1211 γυμνῆτες
657 1121 771 1211 ἀγῶνα
782 1127 963 1194 ἐποιεῦντο.
980 1135 1050 1194 Εν-
1064 1154 1098 1209 ςς

44 1232 159 1294 θαῦια
172 1222 196 1313 ή
210 1248 246 1292 τε
261 1228 337 1311 δίκη
350 1230 411 1292 τοῦ
425 1223 537 1311 φόνου
551 1229 612 1290 τοῦ
625 1228 801 1291 Λεωνίδεω
818 1222 901 1292 κατὰ
916 1223 953 1293 τὸ
968 1251 1050 1311 χρη-

45 1324 184 1412 στήριον
194 1339 278 1393 τοῖσι
289 1323 517 1414 Σπαρτιήτῃσι
529 1325 565 1391 ἐκ
574 1327 774 1410 Μαρδονίου
786 1326 982 1411 ἐπετελέετο,
995 1329 1050 1405 καλΙ

46 1430 146 1510 νίκην
165 1421 352 1511 ἀναιρέεται
373 1430 557 1509 καλλίστην
576 1418 733 1490 ἁπασέων
752 1428 821 1490 τῶν
840 1419 933 1511 ήμείς
954 1427 1050 1509 ίδμεν

45 1520 272 1611 Παυσανίηςὸ
291 1522 530 1610 Κλεομβρότου
551 1527 612 1589 τοῦ
629 1519 899 1609 Ἀναξανδρίδεω.
928 1527 997 1588 τῶν
1014 1521 1050 1587 δὲ

45 1622 240 1707 κατύπερθέ
253 1626 288 1689 ολ
299 1623 478 1708 προγόνων
492 1616 532 1690 τά
551 1616 721 1705 οὐνόματα
734 1627 860 1707 εἴρηται
874 1622 907 1699 ἐς
921 1627 1050 1688 Λεωνί-

47 1725 127 1806 δην·
150 1715 251 1786 ιὸυτολ
265 1718 330 1803 γάρ
345 1737 405 1805 σφι
420 1716 624 1804 τυγχάνουσι
640 1716 759 1795 έόντες.
790 1715 999 1805 ἀποθνήσκει
1014 1719 1051 1785 δὲ

50 1815 246 1903 Μαρδόνιος
257 1812 323 1883 ὑπὸ
336 1813 556 1903 Ἀριμνήστου
568 1812 691 1900 ἀνδρὸς
703 1816 740 1881 ἐν
746 1815 887 1904 Σπάρτη
898 1821 1050 1902 λογίμου,

46 1914 84 1996 δς
100 1913 210 2006 χρόνῳ
224 1912 367 2001 ὕστερον
377 1911 459 2000 μετά
474 1911 515 1980 τά
527 1909 666 1998 Μηδικά
678 1911 901 2003 ἐχωνάνδρας
915 1937 1051 1999 τριηκο-

46 2022 140 2092 σίους
154 2016 317 2100 συνέβαλε
332 2013 368 2079 ἐν
382 2010 606 2102 Στενυκλήρῳ
620 2013 768 2096 πολέμου
783 2011 897 2091 ἐόντος
910 2017 1051 2095 Μεσση-

46 2117 148 2178 νίοισι
165 2116 246 2178 πᾶσι
261 2113 316 2177 καὶ
329 2105 430 2187 αὐτός
444 2134 479 2176 τε
497 2106 647 2177 ἀπέθανε
662 2112 717 2176 καλ
732 2112 767 2175 οί
780 2108 974 2196 τριηκόσιοι.
994 2105 1048 2176 Ἐν
1064 2134 1098 2188 55

46 2210 83 2277 δὲ
93 2214 279 2298 Πλαταιῇσι
294 2213 329 2276 οί
335 2211 463 2295 Πέρσαι
476 2205 521 2286 ὡς
532 2209 715 2294 ἐτράποντο
726 2206 793 2276 ὑπὸ
805 2217 874 2277 τῶν
883 2214 1050 2278 Λακεδαι-

46 2315 191 2396 μονίων,
212 2313 358 2392 ἔφευγον
379 2305 502 2375 οὐδένα
522 2307 652 2394 κόσμον
666 2309 699 2386 ἐς
717 2305 755 2374 τὸ
772 2307 999 2390 στρατόπεδον
1012 2307 1049 2375 τὸ

47 2408 182 2473 ἑωυτῶν
201 2406 256 2472 καὶ
276 2407 309 2483 ές
328 2402 365 2472 τὸ
382 2419 486 2490 τείχος
506 2403 543 2472 τό
566 2406 720 2492 ξύλινον,
746 2403 783 2472 τὸ
799 2408 997 2495 ἐποιήσαντο
1014 2413 1051 2478 ἐν

46 2508 147 2592 μοίρη
157 2510 198 2592 τῇ
214 2506 364 2590 Θηβαΐδι.
409 2507 510 2589 δεῖμα
529 2507 568 2570 δέ
579 2529 636 2589 μοι
652 2503 738 2582 ὅκως
753 2503 843 2590 παρὰ
857 2511 915 2593 τῆς
929 2507 1051 2593 Δήμη·

46 2626 124 2687 τρος
142 2599 179 2667 κδ
195 2599 296 2681 ἀλσος
310 2603 508 2689 μαχομένων
523 2599 602 2668 οὐδὲ
623 2595 669 2680 εἷς
685 2601 793 2688 ἐφάνη
808 2608 877 2669 τῶν
890 2605 1051 2688 Περσέων

46 2699 124 2767 οὔτε
140 2696 291 2768 ἐσελθών
308 2702 341 2779 ές
360 2697 398 2767 τὸ
413 2701 551 2785 τέμενος
569 2697 647 2766 οὔτε
662 2697 903 2787 ἐναποθανοδν,
925 2707 1006 2786 περί
1016 2728 1052 2770 τε

45 2797 83 2868 τό
101 2795 177 2883 ίρόν
196 2801 230 2865 οί
244 2807 391 2867 πλεῖστοι
406 2799 444 2866 ἐν
460 2804 506 2889 τῷ
519 2797 652 2888 βεβήλῳ
669 2804 798 2866 ἔπεσον.
823 2800 928 2866 δοκέω
946 2800 999 2885 δέ,
1023 2809 1056 2868 εί

45 2928 77 2969 τι
94 2902 251 2986 περὶτῶν
264 2903 371 2967 θείων
382 2898 589 2984 πρηγμάτων
599 2899 730 2965 δοκέειν
751 2900 819 2982 δελ,
839 2894 861 2984 ή
873 2895 955 2975 θεὸς
966 2893 1051 2984 αάτή

47 3018 150 3084 σφεας
171 2996 233 3067 οὐκ
247 2999 376 3066 ἐδέκετο
392 2995 624 3082 ἐμπρήσαντας
640 2993 678 3063 τὸ
693 2991 770 3081 ίρόν
787 2993 824 3060 τὸ
843 2997 880 3063 έν
890 2992 1051 3063 Ἐλευσίνι

47 3094 268 3182 ἷάνάκτορονλ
745 3144 765 3162 ε

131 3189 225 3278 Αὕτη
240 3196 301 3278 μέν
315 3190 414 3281 νυνή
435 3192 522 3280 μάχη
539 3195 591 3261 έπλ
607 3190 747 3260 τοσοῦτο
766 3193 913 3279 ἐγένετο,
931 3190 1048 3280 Ἀρτά-
1064 3209 1098 3265 66

47 3300 144 3381 βαζος
160 3293 196 3357 δὲ
211 3285 228 3356 ὁ
244 3292 438 3377 Φαρνάκεος
458 3290 577 3359 αὐτίκα
597 3316 632 3358 τε
647 3287 710 3358 οὐκ
723 3287 881 3378 ήρέσκετο
896 3287 971 3358 κατ’
988 3288 1051 3378 ἀρ-

48 3387 105 3475 ηάς
115 3394 316 3470 λειπομένου
325 3393 523 3468 Μαρδονίου
535 3385 600 3458 άπὸ
615 3390 779 3476 βασιλέος,
793 3389 848 3456 καὶ
859 3386 933 3455 τότε
944 3386 1054 3453 πολλά,
