2378 3840
135 180 198 244 272
512 185 765 244 HERODOT1

136 353 218 413 σθαι
239 350 297 430 τῆς
310 344 584 430 Πελοποννήσου.
614 341 659 421 ὡς
679 343 716 411 δὲ
732 342 872 412 ἀπίκατο
889 344 923 423 ές
936 342 999 431 τήν
1014 355 1148 413 Θεσσα-

138 449 231 529 λίην,
252 445 401 531 ἐνθαῦτα
416 441 614 528 Μαρδόνιος
630 443 793 528 ἐξελέγετο
808 443 963 529 κρότους
977 443 1040 528 μὲν
1055 443 1147 523 Πέρ-

138 563 198 621 σας
212 539 340 620 πάντας
352 539 432 620 τούς
448 539 643 619 ἀθανάτους
661 544 902 628 καλεομένους,
925 539 1147 627 πλήνὙδάρ-

138 668 214 720 νεος
229 648 290 709 τοῦ
305 649 492 729 στρατηγοῦ
518 632 627 719 ὀὗτος
648 639 713 727 γάρ
730 638 792 708 οὐκ
807 647 872 728 ἔφη
887 648 1064 723 λείψεσθαι
1081 649 1147 730 βα·

138 745 278 826 σιλέος·,
296 733 377 827 μετά
393 743 430 808 δὲ
449 747 517 808 τῶν
538 738 651 808 ἀλλων
666 742 827 824 Περσέων
841 736 922 818 τοὺς
935 739 1146 825 θωρηκοφό-

137 867 218 926 ρους
228 841 284 907 καὶ
297 836 359 926 τήν
372 843 478 908 ἵππον
487 837 549 926 τήν
559 847 680 926 χιλίην,
695 843 751 907 καὶ
760 839 904 926 Μήδους
914 865 950 906 τε
961 843 1016 906 καὶ
1027 838 1146 916 Σάκας

137 943 192 1008 καὶ
205 945 391 1024 Βακτρίους
403 965 439 1007 τε
454 942 509 1007 καὶ
519 937 662 1026 Ἰνδούς,
678 939 734 1006 καὶ
750 936 810 1006 τόν
825 937 925 1018 πεζὸν
939 942 994 1005 καὶ
1008 936 1071 1024 τήν
1087 941 1146 1004 ἰ’π-

137 1065 212 1107 πον.
235 1045 338 1106 ταῦτα
352 1039 415 1125 μέν
432 1046 534 1108 ἔθνεα
545 1038 607 1107 ὅλα
622 1043 738 1124 είλετο,
754 1040 791 1106 ἐκ
806 1039 920 1106 δὲτων
932 1035 1045 1105 ἀλλων
1057 1057 1145 1122 συμ

136 1137 253 1226 μάχων
264 1141 427 1224 ἐξελέγετο
439 1135 513 1205 κατ’
526 1136 671 1224 ὀλίγους,
686 1151 771 1204 τοῖσι
783 1133 873 1204 είδεά
883 1161 920 1202 τε
930 1132 1058 1221 ὑπήοκε
1069 1138 1145 1200 δια-

136 1238 261 1322 λέγων,
285 1239 340 1304 καὶ
356 1241 386 1305 εί
400 1237 506 1304 τέοισί
518 1263 550 1303 τι
569 1231 714 1322 χρηστόν
736 1234 878 1323 συνήδεε
899 1237 1129 1317 πεποιημένον

137 1339 174 1403 έν
190 1339 226 1402 δὲ
239 1342 396 1402 πλεῖστον
411 1339 513 1412 ἔθνος
525 1335 658 1416 Πέρσας
677 1332 821 1418 αἱρέετο,
842 1329 968 1417 ἀνδρας
982 1349 1145 1413 στρεπτο-

137 1434 267 1520 φόρους
281 1459 317 1500 τε
337 1433 392 1500 καὶ
412 1431 656 1518 ψελιοφόρους,
679 1432 732 1497 ἐπὶ
754 1429 790 1496 δέ
804 1427 957 1515 Μήδους.
991 1421 1087 1495 οὗτοι
1110 1429 1145 1495 δέ

137 1537 267 1618 πλῆθος
279 1531 342 1616 μὲν
357 1528 420 1598 οὐκ
437 1528 614 1608 ἐλάσσονες
627 1521 715 1616 ήσαν
728 1535 796 1595 τῶν
806 1533 983 1614 Περσέων,
999 1527 1098 1615 δάμη
1110 1529 1145 1594 δὲ

136 1632 286 1706 ἕσσονες
308 1626 393 1695 ὥστε
407 1628 603 1714 συμπαντας
615 1627 795 1713 τριήκοντα
807 1625 973 1712 μυριάδας
984 1629 1145 1711 γενέσθαι

74 1746 121 1801 114
136 1723 201 1794 σόν
216 1731 362 1794 ἱππεῦσι.
388 1724 443 1794 Ἐν
458 1728 494 1794 δὲ
509 1725 617 1816 τοότφ
631 1731 677 1816 τῷ
694 1723 821 1843 χρόνῳ,
837 1725 873 1792 ἐν
887 1751 933 1816 τφ
918 1722 1145 1809 Μαρδόνιός

136 1852 171 1894 τε
185 1821 248 1913 τήν
264 1821 422 1911 στρατιήν
438 1828 582 1910 διέκρινε
593 1824 683 1891 καλε
660 1814 818 1908 Ξέρξης
796 1848 840 1909 ην
854 1823 931 1910 περὶ
943 1827 1144 1906 (θεσσαλίην,

135 1925 336 2012 χρηστήριον
351 1924 544 2011 ἐλήλυθα’
527 1949 563 1990 εκ
574 1928 723 2008 Δελφῶν
738 1925 1043 2006 Λακεδαιμονίοισι,
1059 1923 1145 2003 Ξέρ-

136 2027 196 2106 ξην
210 2026 331 2090 αἰτέειν
349 2026 441 2100 δίκας
455 2047 516 2088 του
502 2024 704 2089 Λεωνίδεω
719 2020 830 2106 φόνου
845 2019 900 2086 καὶ
913 2044 950 2086 το
939 2016 1144 2104 διδόμενον

136 2123 169 2198 ἐξ
183 2121 314 2186 ἐκείνου
329 2123 497 2188 δέκεσθαι.
526 2123 693 2206 πέμπουσι
709 2116 750 2205 δή
765 2117 895 2206 κήρυκα
910 2113 973 2204 τήν
987 2122 1144 2203 ταχίστην

135 2225 360 2305 Σπαρτιῆται,
384 2216 421 2297 ὃς
435 2216 547 2306 ἐπειδή
569 2220 729 2305 κατέλαβε
748 2219 872 2285 ἐοῦσαν
888 2221 935 2284 ἔτι
951 2223 1066 2282 πᾶσαν
1084 2213 1144 2302 τήν

136 2314 295 2404 στρατιήν
310 2321 347 2385 έν
362 2324 544 2406 Θεσσαλίῃ,
561 2314 674 2385 ε’λθάν
691 2319 725 2396 ές
738 2315 818 2396 όψιν
831 2312 893 2401 τήν
906 2316 1035 2398 Ξέρξεω
1050 2317 1144 2398 ἔλεγε

134 2415 230 2482 τάδε·
248 2408 288 2480 Ὠ
299 2421 437 2502 βασιλεῦ
449 2415 592 2502 Μήδων,
608 2413 869 2501 Λακεδαιμόνιοί
877 2415 914 2480 τέ
926 2433 962 2479 σε
974 2409 1144 2496 καὶἩρα-

135 2515 262 2580 κλείδαι
274 2516 308 2580 οί
315 2509 381 2581 ἀπὸ
393 2513 553 2602 Σπάρτης
564 2520 710 2584 αἰτέουσι
721 2513 833 2601 φόνου
845 2517 948 2598 δίκας,
963 2510 1015 2579 ὅτι
1027 2515 1144 2596 σφέων

134 2607 195 2677 τόν
209 2612 348 2696 βασιλέα
359 2609 553 2692 ἀπέκτεινας
563 2614 732 2702 δυόμενον
742 2609 804 2700 τήν
814 2610 964 2680 Ἑλλάδα.
982 2609 1018 2678 Ὁ
1034 2610 1072 2678 δέ
1086 2637 1144 2696 γε-

134 2710 238 2788 λάσας
252 2736 288 2777 τε
303 2715 358 2778 καὶ
378 2711 552 2801 κατασχὸν
566 2713 693 2785 πολλόν
705 2713 846 2802 χρόνον,
870 2711 914 2792 ὥς
929 2717 963 2782 οί
980 2711 1144 2800 ἐτύγχανε

134 2805 322 2895 παρεστεώς
338 2813 553 2902 Μαρδόνιος,
569 2811 703 2892 δεικνὺς
717 2816 751 2892 ές
767 2819 888 2880 τοῦτον
901 2810 987 2880 εἷπε·
1014 2812 1142 2898 Τοιγάρ

135 2928 196 2992 σφι
210 2909 407 2994 Μαρδόνιος
421 2909 479 2979 ὅδε
494 2916 587 2991 δίκας
605 2913 704 2980 δόσει
715 2911 880 2997 τοιαότας,
896 2914 969 2989 οἵας
983 2910 1143 2979 ἐκείνοισι

68 3024 116 3078 115
133 3008 260 3093 πρέπει.
277 3004 361 3074 O
325 3035 388 3095 μεν
400 3006 439 3097 δή
452 3010 629 3096 δεξάμενος
640 3037 677 3077 το
666 3008 797 3097 ῥηθέν
806 3006 1048 3131 ἀπαλλάσσετο,
1058 3013 1143 3094 ,Ξέρ-

135 3109 191 3191 ξης
211 3107 248 3171 δέ
265 3106 503 3227 Μαρδόνιον’
486 3137 523 3178 εν
540 3117 705 3200 Θεσσαλίη
717 3107 915 3179 καταλιπων
939 3105 1040 3186 αὐτὸς
1062 3113 1142 3177 ἐπο-

134 3203 250 3289 ρεόετο
266 3200 350 3272 κατά
364 3206 461 3293 τάχος
478 3206 560 3286 ἐς
525 3235 586 3277 τον
601 3207 864 3297 Ελλήσποντον,
879 3203 966 3276 καὶ’
948 3211 1142 3275 απικνέεται

134 3298 216 3378 ἐς
182 3326 242 3367 τον
262 3302 370 3387 πόρον
390 3311 447 3392 τῆς
468 3308 641 3395 διαβάσιος
655 3311 693 3376 ἐν
710 3311 810 3376 πέντε
824 3309 879 3375 καὶ
895 3303 1142 3391 τεσσεράκοντα

128 3394 288 3490 ίίίὲθλλθι,
313 3398 454 3492 ἆπᾶγων
474 3411 532 3495 τῆς
552 3413 706 3496 στρατιῆς
725 3403 826 3474 οὐδέν
846 3407 945 3491 μέρος
962 3428 1007 3480 ως
1022 3406 1142 3470 εἰπεῖν.
