2378 3840
132 195 195 268 283
511 201 762 258 HERODOTI

132 390 166 432 τε
182 361 300 449 Θώρηξ
314 370 522 448 οΛηρισαῖος
533 361 661 448 Ξέρξην
671 357 852 444 φεύγοντα,
867 363 922 428 καί
938 359 1013 429 τότε
1029 363 1067 429 έκ
1080 366 1142 428 τοῦ

100 477 118 530 λ
135 468 286 550 φανεροῦ
307 467 435 547 παρῆκε
454 458 653 545 Μαρδόνιον
674 457 727 524 ἐπί
747 454 967 542 τὴνἙλλάδα.
999 456 1091 526 Ἐπεὶ
1106 458 1142 525 δὲ
1183 464 1185 487 ²

132 560 359 647 πορευόμενος
374 564 499 646 γίνεται
513 555 531 627 ὁ
548 553 687 644 στρατός
700 559 737 623 έν
747 565 938 643 Βοιωτοῖσι,
955 562 989 626 οί
996 565 1141 645 Θηβαῖοι

133 658 386 746 κατελάμβανον
401 656 462 727 τόν
479 658 680 744 Μαρδόνιον
694 660 749 726 καὶ
767 657 1018 746 συνεβούλευον
1035 657 1140 753 αύτῷ,

133 765 285 845 λέγοντες
302 756 346 836 ὡς
367 755 430 826 ούκ
453 767 503 845 εἴη
518 762 624 843 χῶρος
645 755 901 842 ἐπιτηδεότερος
917 758 1141 880 ἐνστρατοπε-

133 855 294 924 δεύεσθαι
310 858 456 942 έκείνον,
473 852 552 939 οὐδὲ
570 859 663 923 &mvi
649 857 734 927 ἰέναι
749 855 923 943 ἑκαστέρω,
938 853 1015 924 ἀλλ’
1032 854 1140 925 αύτού

134 954 288 1041 ίζόμενον
303 952 462 1022 ποιέειν“
440 980 528 1032 οκως
539 950 725 1039 ἀμαχητὶ
688 978 751 1039 την
761 959 873 1019 πάσαν
882 950 1024 1021 Ἐλλάδα
1036 981 1140 1023 κατα·

135 1055 318 1140 στρέφεται
351 1078 435 1120 κατα
422 1049 566 1139 ἱ’μέν
526 1077 591 1139 γαρ
604 1077 641 1118 το
631 1048 797 1139 ἰσχυρόν
811 1049 1001 1138 Ἐλληνας’
987 1079 1140 1140 ομοφρο·
1180 1030 1185 1147 δ

135 1153 286 1233 νέοντας,
310 1151 406 1235 οιπερ
428 1153 484 1238 κμλ
496 1149 603 1236 πάρος
619 1145 722 1216 ταύτα
711 1146 930 1238 ἐγίνωσκον,
947 1149 1078 1238 χαλεπά
1097 1150 1140 1220 εδ-

135 1274 191 1314 ναι
207 1253 440 1334 περιγίνεσθαι
454 1245 546 1317 καδ“
523 1267 628 1316 απασι
642 1245 871 1336 ἀνθρύποισν
894 1257 924 1320 εί
936 1252 972 1319 δε
989 1250 1140 1374 ποιήσεις

134 1342 175 1413 τά
195 1342 289 1434 ἡμεῖς
308 1349 549 1434 παραινέομεν,
570 1352 700 1432 ἔφασαν
716 1349 885 1435 λέγοντες,
907 1346 1024 1429 ἔξυς’
1004 1349 1140 1428 απόνως

135 1441 267 1512 ἅπαντα
281 1440 322 1511 τά
337 1445 475 1512 ἐκείνων
490 1444 711 1530 βουλεύματα.
734 1448 842 1531 πέμπε
852 1446 1002 1534 χρήματα
1017 1446 1053 1525 ές
1063 1443 1139 1524 τούς

135 1539 402 1618 δυναστεύοντας
417 1539 543 1627 ἀνδρας
564 1542 601 1608 ἐν
621 1547 695 1630 τήσι
709 1539 838 1625 πόλισι,
861 1544 1002 1629 πέμπων
1022 1545 1062 1610 δὲ
1081 1540 1139 1630 τήν

134 1637 270 1707 Ελλάδα
281 1636 483 1726 διαστήσεις
499 1640 661 1706 ἐνθεῦτεν
672 1640 708 1707 δὲ
719 1635 798 1718 τούς
808 1637 854 1726 μὴ
865 1638 906 1708 τά
917 1638 960 1708 σά
972 1645 1139 1728 φρονέον-

102 1751 119 1804 3
133 1762 191 1814 τας
205 1737 339 1824 ρηῖδίως
353 1735 435 1823 μετά
446 1743 514 1804 τῶν
524 1736 736 1805 στασιωτέων
750 1737 1000 1822 καταστρέψεαι.
1026 1743 1074 1808 Ol
1081 1741 1139 1826 μὲν

133 1840 237 1901 ταῦτα
254 1833 522 1922 συνεβούλευον,
538 1831 556 1904 ό
573 1834 609 1904 δέ
627 1833 690 1904 ούκ
702 1837 870 1922 ἐπείθετο,
885 1833 971 1905 ἀλλά
982 1841 1017 1905 οί
1030 1837 1139 1917 δεινός

134 1956 183 2008 τις
194 1930 368 1999 ἐνέστακτο
380 1934 494 2020 ἵμερος
507 1931 566 2012 τάς
578 1932 720 2021 Ἀθήνας
732 1933 872 2022 δεύτερα
883 1937 981 2022 έλείν,
997 1935 1070 2022 ἅμα
1081 1936 1139 2025 μέν

133 2026 192 2096 ὑπ’
211 2026 467 2119 ἀγνωμοσύνης,
490 2032 559 2119 άμα
581 2035 617 2100 δὲ
639 2046 796 2117 πυρσοῖσι
819 2031 874 2101 διά
894 2035 1010 2121 νήσων
1028 2036 1140 2106 έδόκεε

133 2125 265 2214 βασιλέι·
278 2127 442 2212 δηλώσειν
457 2129 547 2198 έόντι
562 2133 600 2198 έν
614 2129 758 2214 Σάρδισι
774 2130 826 2198 ὅτι
840 2137 907 2218 ἔχοι
924 2130 1082 2221 Ἀθήνας
1107 2132 1140 2213 ὃς

135 2223 213 2293 οὐδὲ
233 2224 308 2293 τότε
328 2223 529 2315 ἀπικόμενος
543 2231 576 2306 ές
591 2225 653 2315 τήν
671 2225 821 2314 Ἀττικήν
842 2221 920 2313 εὗρε
940 2228 1021 2308 τούς
1039 2228 1140 2317 Ἀθη-

135 2329 267 2421 ναίους,
283 2320 356 2393 ἀλλ’
370 2331 407 2394 έν
420 2354 455 2401 τε
467 2335 634 2412 Σαλαμῖνι
645 2322 724 2405 τούς
738 2332 912 2406 πλείστους
927 2329 1140 2397 ἐπυνθάνετο

135 2415 220 2490 εἶναι
236 2428 273 2491 έν
287 2450 323 2492 τε
337 2432 411 2515 τῇσι
425 2430 542 2514 νηυσὶ,
565 2427 669 2515 αίρὲει
684 2453 719 2495 τε
739 2424 919 2516 ἐρῆμον
884 2454 921 2495 το
943 2425 1039 2497 άστυ.
1068 2458 1091 2517 η
1077 2428 1140 2499 δε

134 2519 288 2607 βασιλευς
299 2523 423 2613 αἵρεσις
431 2521 510 2602 ἐς
474 2548 536 2610 την
547 2521 693 2612 νστερην
702 2521 973 2612 τηνΜαρδονίον
983 2529 1141 2617 ἐπιστρα

100 2630 117 2683 4
133 2623 230 2702 τηλην
246 2591 432 2705 δεκάμηνος
452 2621 593 2707 ἐγένετο.
624 2620 712 2691 Ἐπεὶ
726 2624 763 2691 δὲ
783 2621 838 2691 ἐν’
836 2623 992 2714 Αθήνησι
1007 2627 1140 2712 ἐγένετο

134 2712 342 2800 Μαρδόνιος,
354 2715 476 2803 πέμπει
487 2721 520 2798 ές
528 2729 705 2808 Σαλαμῖνα
712 2726 935 2808 Μουρυχίδην
947 2721 1077 2813 ἀνδρί
1074 2735 1141 2796 Ελ-

134 2808 354 2899 λησπόντιον,
371 2813 518 2902 φέροντα
529 2816 608 2898 τούς
619 2816 743 2898 αύτούς
754 2820 877 2907 λόγους
889 2818 969 2901 τούς
982 2823 1059 2893 ταδ’
1055 2827 1141 2897 Αλέ-

135 2907 316 2990 ξιινδροςε
302 2911 513 2982 οΜακεδόν
534 2930 620 2985 τοῖσι
645 2913 853 3004 Ἀθηναίοισι
880 2920 1140 3010 διεπόρθμευσε.

134 3013 237 3074 ταῦτα
252 3010 288 3075 δέ
303 3033 340 3074 το
329 3004 512 3113 δεύτερον
526 3010 704 3083 ἀπεστελλε
718 3013 871 3100 προέχων
882 3017 944 3101 μὲν
957 3025 1028 3086 τῶν
1039 3018 1141 3109 Ἀθη-

135 3112 240 3174 ναίων
255 3132 296 3172 ου
285 3088 424 3196 ’φιλίας
435 3111 588 3198 γνάμας,
603 3114 737 3191 ἐλπίσας
750 3111 789 3181 δέ
804 3131 909 3199 σφεας
922 3111 1071 3203 ὑπήσειν
1086 3129 1142 3208 τῆς

136 3201 378 3293 ἀγνωμοσύνης
392 3234 437 3288 ως
449 3211 656 3296 δοριαλώτου
666 3212 786 3298 έούσης
798 3211 907 3298 πάσης
921 3219 980 3299 τῆς
993 3211 1142 3306 Ἀττικῆς

134 3301 243 3422 χάρης
263 3306 317 3371 καί
332 3306 452 3392 ἐούσης
471 3304 568 3395 ᾔδη’
549 3334 598 3375 υπ
601 3306 746 3402 ’ἑωυτρλ
779 3309 910 3379 τούτων
926 3313 989 3399 μὲν
1010 3318 1140 3388 εἵνεκεν

92 3413 110 3466 5
126 3397 307 3490 άπέπεμιγε
323 3411 547 3497 Μουρυχίδην
562 3409 597 3488 ές
612 3417 794 3494 Σαλαμῖνα.
825 3406 861 3478 ‘0
878 3410 914 3478 δὲ
935 3407 1141 3503 ἀπικόμενος
