2378 3840
313 201 399 256 ιιΒ.
432 203 490 257 vn.
524 201 624 257 οΑΡ.
657 207 843 271 τοι-ιι.
1022 201 1082 266 131

78 356 132 425 hcl
145 352 208 442 τὴν
216 352 357 424 Ἑλλάδα
371 353 476 423 αὐτοῦ
490 381 525 424 τε
540 357 654 441 μένειν
669 355 736 442 άμα
754 365 828 446 τῇσι
841 365 989 445 γυναιξί·
1017 357 1080 450 ἐγὼ

78 456 115 523 δέ
127 455 184 522 τιαλ
200 452 284 520 άνεν
298 457 365 539 σέο,
386 451 513 540 ὅσαπερ
532 451 617 538 εἶπα,
635 454 782 522 ἐπιτελέα
796 458 934 543 ποιήσω.
958 456 1003 544 μὴ
1017 457 1082 546 γάρ

76 562 150 639 είην
162 555 198 620 ἐκ
204 558 353 637 Δαρείου
363 558 424 620 τοῦ
432 549 631 629 Ὑστάσπεος
640 559 701 618 τοῦ
712 550 890 640 Ἀρσάμεος
900 563 962 624 τοῦ
972 554 1083 644 Ἀρια-

77 650 212 738 ράμνεω
220 657 285 722 ,τού
296 655 453 727 Τεΐσπεος
465 655 526 715 τοῦ
532 648 652 732 Κύρου
662 656 723 716 τοῦ
730 651 919 739 Καμβύσεω
931 662 993 723 τοῦ
1007 664 1083 724 Τελ-

76 769 177 828 σπεος
188 747 465 844 τούίέχαιμένεος
477 750 633 834 γεγονώς,
646 745 690 835 μὴ
702 752 974 839 τιμωρησάμενος
980 750 1083 840 Ἀθη-

76 853 209 931 ναίους,
232 839 518 937 εύέπιστάμενος,
553 843 613 912 ὅτι.
632 851 662 913 εί
679 843 773 932 ἡμεῖς
787 844 927 936 ἡσυχίην
948 851 1079 937 ἄξομεν,

75 941 150 1014 ἄλλ’
168 940 231 1012 ούκ
246 945 381 1029 ἐκεῖνοι,
404 940 487 1011 άλλά
504 945 559 1008 καλ
575 942 664 1028 μάλα
678 943 937 1027 στρατεύσονται
952 948 1004 1012 ἐπὶ
1019 944 1080 1032 τὴν

74 1040 254 1130 ἡμετέρην,
279 1048 308 1110 εί
322 1039 383 1128 χρὴ
406 1040 672 1125 σταθμώσασθαι
688 1052 773 1106 τοῖσι
789 1037 1032 1129 ὑπαργμένοισι
1047 1048 1079 1122 ἐξ

69 1147 224 1229 ἐκείνων,
232 1141 398 1231 οδΣάρδις
408 1168 443 1210 τε
451 1144 638 1227 ἐνέπρησαν
646 1142 700 1208 καλ
707 1137 835 1226 ἤλασαν
842 1144 873 1219 ἐς
884 1139 945 1228 τὴν
957 1138 1076 1228 Ἀσίην.

74 1241 138 1312 ούα
147 1236 196 1310 τόν
207 1242 442 1329 ἐξαναχωρέειν
453 1236 656 1326 οὐδετέροισι
668 1242 818 1317 δυνατῶς
826 1236 992 1325 ἐχιι,άλλά
1002 1263 1079 1306 ποι-

75 1337 177 1428 έεινὴ
198 1351 322 1409 παθεῖν
339 1341 513 1427 προκέεται
535 1337 644 1425 άγάν,
666 1342 723 1406 ἵνα
739 1333 762 1424 ἡ
778 1339 858 1407 τάδε
880 1337 989 1407 πάντα
1009 1336 1073 1406 im*

73 1435 249 1527 Ἐλλησιῆ
268 1442 379 1507 ἐκελνα
392 1439 502 1507 πάντα
524 1437 590 1507 ὑπό
608 1440 757 1527 Πέρσησι
777 1441 928 1525 γένηται·
954 1439 990 1507 τό
1011 1437 1076 1527 γάρ

74 1541 176 1624 μέσον
191 1535 291 1605 ούδέν
301 1545 359 1625 τῆς
373 1544 495 1628 ἔχθρης
509 1542 585 1607 ἐστί.
607 1537 723 1608 Καλὸν
738 1532 787 1608 όν
798 1540 1077 1627 προπεπονθότας

72 1633 175 1724 ἡμέας
189 1639 364 1722 τιμωρέειν
378 1633 442 1723 ἤδη
457 1643 600 1722 γίνεται,
616 1640 673 1703 ίνα
688 1638 743 1705 καὶ
757 1633 793 1703 τό
813 1633 937 1722 δεινόν,
951 1633 987 1704 τό
1004 1641 1077 1703 πεί-

74 1754 189 1819 σομαι,
203 1739 300 1800 τοῦτο
315 1733 427 1820 μάθω,
444 1735 563 1812 ἐλάσας
579 1731 630 1801 ἐπ’
648 1731 772 1821 ἄνδρας
782 1734 932 1817 τούτους,
948 1734 1027 1811 τούς
1037 1759 1076 1818 γε

74 1833 128 1899 καὶ
139 1829 283 1911 Πέλοψὸ
297 1830 401 1918 Φρύξ,
420 1830 485 1900 ἐόν
496 1834 648 1916 πατέρων
663 1839 731 1899 τῶν
746 1835 835 1917 ἐμάν
850 1834 980 1914 δοῦλος,
996 1854 1076 1895 κατ-

75 1932 252 2017 εστρέψατο
268 1928 371 2008 οὕτω,
396 1927 439 2008 τός
454 1933 508 1997 καὶ
524 1932 555 2007 ές
572 1929 649 1998 τόδε
664 1927 763 1998 αύτοί
774 1952 809 1995 τε
824 1925 1006 2011 ὥνθρωποι
1020 1928 1076 1991 καλ

72 2024 148 2114 ἡγὴ
166 2025 279 2096 αὐτῶν
292 2028 462 2115 ἐπώνυμοι
478 2036 538 2096 τοῦ
554 2025 868 2114 καταστρεψαμένου
888 2028 1072 2092 καλέονται.

160 2131 270 2191 Ταῦτα
282 2127 343 2210 μὲν
354 2128 407 2193 ἐπλ
425 2132 563 2194 τοσοῦτο
576 2128 716 2211 ἐλέγετο,
732 2121 813 2211 μετά
830 2123 867 2190 δὲ
879 2118 1029 2210 εύφρόνη
1039 2147 1074 2189 τε
1091 2139 1122 2192 12

73 2225 198 2306 ἐγένετο
213 2227 267 2289 καὶ
279 2227 516 2310 Ξέρξηνέιινιζε
526 2221 547 2309 ἡ
559 2222 766 2311 Ἀρταβάνου
775 2219 908 2308 γνύμη·
931 2221 1027 2287 νυκτὶ
1038 2221 1074 2287 δὲ

72 2315 200 2406 βονλὴν
217 2319 331 2399 διδούς
345 2321 455 2406 πάγχυ
472 2319 608 2406 εὕρισκέ
620 2326 653 2388 οί
669 2318 709 2387 ού
720 2326 855 2406 πρῆγμα
872 2317 957 2386 εἶναι
972 2336 1074 2403 στρα-

72 2416 230 2483 τεύεσθαι
247 2419 299 2484 έπὶ
314 2415 533 2504 τὴνἙλλάδα.
563 2421 774 2503 δεδογμένων
789 2419 829 2484 δέ
839 2420 873 2484 ολ
883 2410 978 2494 αύτις
992 2416 1073 2483 τούτ

70 2539 138 2580 των
152 2513 357 2582 κατύπνωσε.
375 2517 436 2588 ,καὶ
450 2515 492 2599 δή
507 2541 571 2581 κου
582 2518 619 2581 ἐν
629 2523 669 2602 τῇ
679 2517 775 2580 νυκτί
786 2511 851 2580 εἶδε
866 2511 945 2593 ὄψιν
958 2512 1073 2597 τοιήν-

61 2614 124 2696 δε,
142 2608 185 2688 ὡς
199 2614 327 2696 λέγεται
343 2609 408 2678 ύπὸ
427 2615 601 2696 Περσέων·
625 2611 736 2678 ἐδόκεε
751 2607 768 2677 ὁ
783 2613 905 2698 Ξέρξης
920 2609 1026 2696 άνδρα
1042 2613 1075 2676 οί

70 2707 249 2775 ἐπιστάντα
268 2713 373 2794 μέγαν
393 2735 428 2776 τε
450 2712 505 2778 καλ
528 2708 655 2778 εύειδέα
669 2715 789 2777 εἰπεῖν·
817 2707 914 2777 Μετά
931 2706 971 2795 δὴ
989 2716 1073 2795 βου-

69 2805 199 2892 λεύεαι,
218 2799 243 2873 ό
258 2810 386 2893 Πέρσα,
409 2808 598 2892 στράτευμα
612 2804 656 2894 μὴ
672 2804 767 2892 άγειν
783 2808 835 2874 ἐπὶ
849 2804 1071 2894 τὴνἙλλάδα,

69 2909 230 2990 προείπας
250 2900 373 2984 ἁλίζειν
387 2907 535 2993 Πέρσησι
556 2906 716 2993 στρατόν;
738 2902 815 2972 οὔτε
840 2897 888 2971 τόν
907 2910 1072 2988 μεταβου-

68 3000 249 3086 λουόμενος
264 3006 386 3080 ποιέεις
404 2997 459 3088 εὖ,
475 3000 584 3070 ούτεό
604 3000 882 3089 συγγνωσόμενός
899 3027 949 3068 τοι
963 2999 1072 3085 πάρα·

68 3095 142 3166 ἀλλ’
161 3095 271 3188 ὥσπερ
286 3107 344 3186 τῆς
360 3098 484 3187 ἡμέρης
503 3101 705 3189 ἐβουλεύσαο
720 3102 863 3185 ποιέειν,
879 3097 1004 3183 ταύτην
1019 3105 1072 3162 λθι

67 3201 137 3260 των
151 3189 250 3263 ὁδῶν.
278 3194 346 3264 Τόν
357 3200 420 3282 μὲν
430 3204 534 3265 ταῦτα
549 3208 687 3266 εἴπαντα
698 3196 810 3265 ἐδόκεε
821 3191 839 3262 ὁ
851 3197 973 3280 Ξέρξης
986 3190 1072 3260 άπο-

66 3291 228 3379 πτάσθαι,
238 3290 361 3382 ἡμέρης
372 3296 409 3363 δέ
420 3296 650 3381 ἐπιλαμψάσης
661 3292 796 3378 ὀνείρου
807 3295 868 3376 μὲν
880 3293 1001 3360 τούτου
1013 3291 1072 3358 λό-
1088 3305 1118 3358 1³

65 3417 131 3478 γον
149 3389 271 3458 ούδένα
291 3395 452 3478 ἐποιέετο,
470 3391 488 3461 ὁ
507 3395 544 3462 δέ
557 3395 716 3476 Περσέων
731 3395 911 3467 συναλίσας
926 3386 1004 3465 τούς
1018 3389 1074 3454 καλ

889 3477 1132 3620 ⁹*a
