2378 3840
339 200 424 256 ΗΒ.
457 199 502 254 IX.
538 199 635 254 CAP.
669 203 772 260 1-7.
999 192 1063 256 980

55 361 107 426 έπὶ
122 353 184 444 τήν
198 354 326 446 βουλήν
341 362 433 440 ἔλεγε
448 353 487 422 τά
504 351 594 440 παρά
610 358 820 439 Μαρδονίου.
845 362 911 422 τῶν
926 356 962 422 δὲ
975 363 1060 443 βου-

57 457 200 525 λευτέων
211 459 361 541 Λυκίδης
376 452 445 521 εἶπε
460 452 614 539 γνώμην,
632 450 676 530 ὥς
687 456 721 520 ολ
733 451 844 519 ἐδόκεε
859 450 998 539 άμεινον
1013 449 1060 518 εί·
1100 500 1102 503 -

56 581 123 640 ναι,
139 556 339 640 δεξαμένους
349 549 410 619 τόν
425 553 537 638 λόγου,
553 550 613 618 τόν
627 569 688 635 σφι
702 556 917 638 Μουρυχίδης
931 551 1060 638 προφέ-

56 677 123 737 ρει,
142 653 300 730 έξενεῑκαι
316 651 348 728 ές
365 646 425 716 τόν
441 652 556 734 δήμου.
587 647 604 715 ὁ
620 648 682 734 μέν
700 645 740 734 δή
755 649 880 736 ταύτην
895 647 955 736 τήν
969 649 1060 735 γυοό·

55 774 123 836 μην
134 745 349 835 άπεφαίνετο,
362 756 427 815 εἴτε
439 744 479 833 δή
493 747 689 831 δεδεγμένος
699 747 848 832 χρήματα
859 745 949 830 παρά
958 756 1060 833 Μαρ-

56 854 189 936 δονίου,
213 857 276 915 είτε
290 849 345 914 καί
366 846 470 913 ταῦτά
488 849 522 913 οί
533 845 675 932 ἥνδανε,
699 843 870 931 Ἀθηναῖοι
890 845 927 913 δὲ
941 843 1060 912 αὐτίκα

56 944 170 1015 δεινόν
185 946 422 1033 ποιησάμενοι,
440 946 475 1010 οί
486 969 520 1010 τε
536 946 571 1011 ἐκ
591 950 649 1030 τής
662 950 786 1030 βουλῆς
802 946 857 1010 καί
875 949 908 1011 ολ
921 947 1059 1029 ἔξωθεν,

57 1042 101 1121 ὡς
113 1042 281 1112 έπόθοντο
290 1095 298 1126 ,
308 1040 528 1134 ,περιστάντες
540 1044 692 1125 Λυκίδην
703 1044 905 1109 κατέλευσαν
914 1041 1061 1128 βάλλον-

55 1167 125 1224 τες,
140 1136 202 1207 τόν
214 1143 251 1208 δὲ
259 1137 516 1226 Ἑλλησπόντιον
530 1143 754 1226 Μουρυχίδην
768 1137 967 1226 ἀπέπεμψαν
984 1136 1060 1204 άσι-

55 1238 124 1304 υέα.
148 1239 333 1322 γενομένου
342 1240 379 1305 δὲ
389 1235 546 1324 θορύβου
558 1239 595 1304 έν
605 1244 644 1324 τῇ
654 1245 819 1323 Σαλαμῖνι
831 1240 906 1322 περὶ
917 1234 976 1304 τόν
988 1243 1060 1304 Λυ-

55 1336 165 1419 κίδην,
178 1332 412 1401 πυνθάνονται
423 1330 461 1402 τό
473 1335 654 1420 γινόμενον
668 1339 704 1401 αί
712 1350 868 1420 γυναῖκες
878 1342 946 1403 τῦν
957 1334 1059 1421 Ἀθη-

56 1435 179 1512 ναίων,
204 1433 485 1517 διακελευσαμένη
507 1432 543 1498 δὲ
563 1429 650 1518 γυνή
673 1436 808 1517 γυναικὶ
830 1436 885 1501 καὶ
907 1442 1059 1520 παραλα-

55 1534 163 1615 βοῦσα
173 1528 225 1596 έπδ
234 1525 295 1614 τήν
303 1533 455 1598 Λυκίδεω
467 1534 575 1615 οίκίην
586 1527 686 1616 ήισαν
696 1528 899 1618 αὐτοκελέες,
910 1535 965 1600 καί
977 1528 1059 1600 κατὰ

57 1628 118 1712 μέν
135 1632 275 1694 ἔλευσαν
292 1625 397 1695 αὐτοῦ
411 1625 473 1714 τήν
487 1643 648 1715 γυναῖκα,
667 1626 749 1698 κατά
766 1629 802 1698 δὲ
817 1627 857 1698 τά
871 1635 980 1700 τέκνα.
1010 1629 1060 1708 Ἐς
1075 1650 1092 1705 6

57 1725 93 1792 δὲ
116 1721 177 1808 τήν
198 1731 374 1810 Σαλαμῖνα
392 1728 550 1813 διέβησαν
571 1731 605 1794 ολ
622 1724 791 1813 Ἀθηναῖοι
814 1720 895 1796 ῦδε·
924 1732 985 1807 ἕως
999 1727 1060 1814 μὲν

58 1820 299 1908 προσεδέκοντο
334 1822 369 1887 έκ
403 1825 460 1907 τῆς
495 1821 757 1909 Πελοποννήσου
792 1824 934 1909 στρατόν
968 1825 1060 1913 ήξειν

59 1918 288 2007 τιμωρήσοντά
303 1939 374 2007 σφι,
390 1926 424 1989 ολ
437 1925 473 1990 δέ
488 1929 609 2010 έμενον
624 1925 662 1990 έν
675 1929 714 2010 τή
726 1919 869 2012 Ἀττική·
892 1926 961 1992 έπεί
978 1927 1014 1992 δὲ
1029 1929 1069 2002 ολ4

57 2025 119 2110 μὲν
134 2019 323 2107 μακρότερά
335 2048 369 2090 τε
382 2024 436 2090 καὶ
451 2029 643 2108 σχολαίτερα
655 2025 799 2105 ἐποίευν,
814 2018 832 2090 ὁ
845 2024 881 2091 δὲ
892 2021 995 2091 ἐπιόν
1006 2028 1060 2091 καί

57 2120 98 2207 δή
111 2123 148 2188 ἐν
162 2127 201 2208 τῇ
213 2127 355 2209 Βοιωτίη
366 2123 494 2207 ἐλέγετο
507 2118 607 2203 εἶναι,
625 2118 713 2187 οὕτω
725 2116 765 2205 δή
780 2116 1061 2208 ὑπεξεκομίσαντό
1108 2193 1111 2199 ,

59 2247 92 2289 τε
106 2218 215 2286 πάντα
230 2220 283 2286 καὶ
299 2215 393 2288 αῦτοὶ
414 2223 572 2306 διέβησαν
588 2223 620 2296 ἐς
636 2224 827 2303 Σαλαμῖνα,
850 2219 883 2295 ές
896 2223 1061 2286 Λακεδαί-

58 2317 145 2405 μονά
160 2341 194 2383 τε
211 2321 362 2401 ἔπεμψαν
374 2313 551 2402 ἀγγέλους,
567 2313 635 2401 ἅμα
650 2315 712 2401 μέν
728 2319 961 2401 μεμφομένους
976 2329 1061 2383 τοῖσι

59 2417 351 2497 Λακεδαιμονίοισι
362 2409 414 2479 ότι
429 2417 598 2498 περιεῖδον
612 2411 798 2500 ἐμβαλόντα
812 2411 873 2481 τόν
887 2414 1061 2501 βάρβαρον

59 2513 92 2588 ές
114 2505 175 2593 τὴν
196 2504 347 2594 Ἀττικήν
367 2504 439 2574 ἄλλ’
463 2506 505 2574 οῦ
527 2507 608 2593 μετά
630 2529 744 2592 σφεων
765 2505 926 2594 ήντίασαν
946 2512 978 2586 ἐς
1000 2506 1061 2593 τήν

59 2612 233 2693 Βοιωτίην,
241 2603 309 2692 ἅμα
322 2607 358 2674 δὲ
368 2603 623 2694 ὑπομνήσοντας
635 2605 696 2672 ὅσα
707 2625 766 2690 σφι
777 2603 934 2692 ὑπέσχετο
947 2605 1063 2695 ὁΠέρ-

59 2727 119 2793 σης
129 2710 352 2791 μεταβαλοῦσι
365 2704 498 2790 δόσειν,
513 2711 671 2792 προεῖπαί
678 2730 712 2771 τε
722 2702 772 2772 ότι
783 2702 864 2791 είμή
876 2703 1061 2793 άμυνέουσι

55 2803 279 2888 Ἀθηναίοισι,
297 2797 341 2879 ὥς
352 2803 407 2869 καί
419 2800 518 2870 αῦτοί
528 2827 602 2869 τινα
614 2798 766 2888 ἀλεωρήν
783 2799 989 2889 εὑρήσονται.
1021 2809 1065 2872 Os
1080 2819 1094 2874 7

59 2899 124 2990 γάρ
138 2897 178 2986 δή
193 2899 453 2985 Λακεδαιμόνιοι
469 2897 608 2984 ὅρταζόν
620 2924 655 2966 τε
668 2907 789 2968 τοῦτον
800 2897 859 2967 τόν
873 2900 997 2987 χρόνον
1008 2907 1067 2967 καί

60 3021 120 3086 σφι
134 2995 178 3087 ήν
195 2996 386 3084 Ὑακίνθια,
411 3000 486 3086 περὶ
502 3005 659 3067 πλείστου
681 2997 712 3066 δ’
735 2993 820 3085 ήγου
841 2997 880 3066 τά
900 3006 962 3066 τοῦ
976 3003 1063 3066 θεοῦ

60 3097 252 3183 πορσύνειν.
279 3096 349 3185 ἅμα
364 3096 400 3165 δὲ
414 3095 451 3164 τό
468 3097 573 3183 τεῖχός
589 3115 667 3182 σφι,
683 3093 719 3164 τό
736 3098 771 3164 έν
785 3102 830 3185 τῷ
843 3093 964 3187 Ἰσθμῷ
979 3098 1064 3164 έτεί-

59 3224 154 3286 γεον,
169 3199 224 3264 καί
241 3194 281 3283 δή
300 3197 432 3277 ἐπάλξις
453 3197 626 3283 ἐλάμβανε.
657 3193 701 3274 ὡς
717 3197 752 3262 δὲ
770 3191 928 3262 άπίκοντο
949 3195 982 3272 ές
1000 3190 1063 3282 τήν

60 3298 294 3378 Λακεδαίμονα
308 3299 342 3362 ολ
355 3293 490 3381 άγγελοι
505 3297 540 3362 οί
552 3291 609 3360 ἀπ’
623 3291 803 3381 Ἀθηνέων,
819 3289 888 3378 άμα
903 3289 1062 3380 άγόμενοι

60 3402 98 3464 έκ
114 3418 148 3460 τε
161 3390 333 3540 Μεγάρων
347 3389 509 3478 ἀγγέλους
520 3395 575 3460 καί
590 3395 627 3461 έκ
637 3392 841 3478 Πλαταιέων,
858 3395 973 3536 ἕλεμρν
984 3389 1065 3458 τάδε

145 3502 244 3540 HEROD·
294 3527 296 3530 -
