2378 3840
321 179 405 234 LIB
439 181 493 236 VII
531 182 629 238 CAP
663 187 747 241 30—
761 190 805 246 36
1009 187 1068 249 141

61 332 285 403 Ἐλαιοῦντα’
267 334 483 420 αγινεόμενος
496 352 658 422 γυναῖκας
672 335 814 426 α’νθέμιτα
826 349 906 432 ἔργα
921 349 1065 470 ἔρδεσκε.

59 429 109 510 Ἐς
123 429 249 517 ταύτην
266 425 315 500 τόν
329 429 391 519 τήν
407 430 511 519 ἆκτήν
526 436 558 516 ἐξ
569 432 742 522 Ἀβύδου’
727 440 925 527 ορμεόμενοι
942 447 1066 530 ἐγεφύ-
1081 457 1116 510 34

61 553 148 614 ρουν
159 543 244 596 τοῖσι
254 534 462 615 προσεκεέτο,
477 529 538 617 τήν
549 532 611 617 μέν
622 540 820 604 λευκολίνου
826 539 1038 627 Φοίνικες,
1003 567 1065 626 την

59 626 93 695 δ’
112 625 278 715 ε’τέρην
244 655 306 715 την
320 635 485 721 βυβλίνην
499 637 546 698 Αί
544 631 687 716 γύπτιοι.
713 641 779 703 ἔστι
796 639 860 705 δὲ
842 662 923 706 επτα
911 637 1064 707 στάδιοι

59 727 94 805 ἐξ
107 722 253 814 Ἀβύδυν
267 723 352 805 ἐς
317 754 378 813 την
391 723 515 795 ἄπαντί
513 753 562 796 ον.
586 733 640 798 καλ
652 729 691 817 δή
700 734 908 850 ἐζευγμένον
924 742 985 803 τοῦ
999 735 1064 802 πό-

59 848 124 909 ρου
135 823 370 909 ἐπιγενόμενος
379 850 503 909 χειμων
513 825 614 941 μέγας
626 827 793 910 συνέκοψέ
803 856 839 897 τε
854 834 964 900 ἐκείνα
975 833 1064 899 πόν-

59 945 99 986 τα
110 921 165 986 καὶ
176 919 316 987 διέλυσε.
344 918 402 999 Ως
413 917 445 988 δ
461 906 613 989 ἐπύθετο
614 923 747 1010 Ξέρξης,
759 924 853 994 δεινὰ
864 929 1062 1014 ποιεύμενος
1078 942 1112 994 35

59 1015 120 1083 τόν
128 1013 372 1103 Ἑλλήσποντον
380 1018 532 1086 ἐκέλευσε
544 1027 733 1105 τριηκοσίας
743 1021 918 1092 ἐπικέσθαι
929 1024 1063 1113 μάστιγι

59 1110 187 1198 πληγὰς
201 1115 256 1181 καὶ
270 1128 417 1182 κατείναι
434 1112 521 1193 ἐς
487 1142 524 1181 το
546 1113 688 1200 πέλαγος
701 1116 831 1185 πεδέων
849 1125 970 1207 ζεῦγος.
999 1120 1062 1209 ήδη

58 1207 132 1281 δέ”
112 1230 255 1295 ηκουσα,
274 1209 319 1290 ὡς
334 1215 387 1280 καὶ
403 1212 533 1300 στιγέας
549 1211 622 1299 ἅμα
640 1214 782 1283 τούτοισι
799 1213 972 1335 ἀπέπεμψε
993 1228 1063 1288 στί-

58 1317 176 1387 ξοντας
189 1304 249 1374 τόν
256 1305 509 1396 Ελλήσποντον.
539 1311 723 1379 ἐνετέλλετο
739 1307 826 1398 δή
799 1339 848 1380 ων
866 1319 1062 1403 ῥαπίζοντας

58 1413 170 1491 λέγειν
183 1405 337 1492 βάρβαροί
354 1433 388 1474 τε
403 1408 458 1474 καὶ
473 1403 664 1476 ἀτάσθαλα·
688 1400 727 1474 Ὦ
743 1406 867 1495 πικρόν
877 1411 986 1498 ὕδωρ,
1005 1417 1062 1479 δε-

58 1502 184 1588 σπότης
199 1528 247 1570 τοι
263 1507 297 1570 δί
283 1511 359 1588 ίκην
374 1502 678 1590 ἐπιτιθεττήνδε,”
657 1529 708 1573 οτι
718 1531 777 1590 μην
788 1503 947 1596 ἠδίκησας
960 1507 1061 1577 ούδέν

57 1600 143 1687 πρὸς
164 1603 293 1668 ἐκείνου
314 1602 434 1671 ἄδικον
448 1600 571 1670 παθόν.
610 1603 676 1670 Καὶ
690 1603 847 1690 βασιλεύς
860 1607 923 1692 μὲν
938 1609 1060 1694 Ξέρξης

56 1698 251 1787 διαβήσεταί
264 1720 318 1786 σε,
337 1699 379 1787 ἥν
392 1727 427 1768 τε
441 1701 485 1768 σύ
499 1726 538 1786 γε
551 1700 657 1786 βούλη
671 1697 714 1787 ἤν
727 1727 762 1769 τε
775 1703 837 1789 μή·
859 1705 911 1773 σοὶ
926 1705 962 1771 δέ
977 1705 1059 1771 κατὰ

57 1803 155 1883 δίκην
167 1795 232 1883 ἄρα
245 1795 353 1876 οὐδεὶς
365 1796 560 1886 ἀνθρώπων
572 1798 652 1866 θύει
666 1794 712 1876 ὡς
721 1798 810 1867 ἐόντι
818 1808 949 1891 θολερῷ
961 1807 1060 1870 τεκαὶ

56 1896 196 1987 ἁλμυρῷ
213 1901 358 1987 ποταμῷ.
396 1901 466 1986 Τήν
484 1925 518 1966 τε
538 1896 578 1984 δή
593 1897 771 1966 θάλασσαν
782 1900 966 1969 ἐνετέλλετο
982 1901 1061 1968 τού-

59 2017 144 2065 τοισι
160 2001 309 2083 ζημιοῦν,
324 1999 379 2066 καὶ
392 2005 460 2066 τῶν
470 1996 683 2066 ἐπεστεώτων
697 2003 736 2086 τῇ
748 1996 835 2078 ζεύξι
851 2004 912 2064 τοῦ
921 1996 1059 2084 Ἑλλησ-

57 2095 185 2164 πόντου
199 2092 381 2182 ἀποταμεῖν
392 2093 450 2174 τᾶς
463 2095 619 2181 κεφαλάς.
652 2097 717 2162 Καὶ
728 2099 763 2161 οί
776 2094 839 2180 μὲν
853 2101 956 2162 ταῦτα
968 2097 1059 2163 ἕποί-
1073 2117 1108 2170 36

56 2218 131 2278 ενν,
148 2206 232 2259 τοῖσι
247 2198 442 2277 προσεκὲετο
458 2189 578 2280 αύτηή
595 2191 710 2279 ἄχαρις
724 2193 817 2279 τιμή,
839 2187 897 2270 τὰς
913 2189 948 2259 δὲ
964 2189 1059 2259 ἄλλοι

57 2288 282 2375 ἀρχιτέκτονες
299 2290 516 2408 ἐζεύγνυσαν
546 2287 750 2375 ἐζεύγνυσαν
771 2287 807 2356 δέ
827 2281 908 2355 ύδε·
936 2312 1059 2373 πεντη-

55 2387 234 2471 κοντέρους
245 2390 299 2454 καὶ
310 2385 463 2482 τριήρεας
474 2387 666 2470 συνθέντες,
679 2382 744 2453 ύττο
733 2382 865 2471 ἱ’μὲν
830 2411 892 2471 την
902 2383 986 2501 πρός
997 2392 1057 2453 τοῦ

57 2478 359 2562 ΕύξείνονΠόντου
372 2482 529 2570 ἑξήκοντά
543 2507 578 2549 τε
590 2485 645 2548 καὶ
655 2479 886 2568 τριηκοσίας,
869 2505 934 2548 υπο
924 2479 1030 2548 δέ
995 2507 1057 2566 την

54 2582 170 2665 ἐτέρην
186 2586 397 2666 τεσσερεσκαί
382 2585 476 2648 ίδεκα
488 2581 542 2646 καὶ
557 2582 762 2665 τριηκοσίας,
778 2603 838 2645 τον
824 2575 910 2664 μὲν
920 2577 1057 2645 Πόντον

54 2677 257 2759 ἐπικαρσιας,
273 2701 333 2742 του
319 2674 403 2744 δὲ’
401 2675 641 2762 Ελλησπόντον
656 2698 739 2740 κατα
726 2669 872 2761 ρόον,”
857 2699 914 2740 ινα
924 2671 1057 2742 ἀνακω-

53 2773 134 2862 ηεύη
149 2771 209 2840 τόν
223 2771 323 2839 τόνον
338 2779 405 2840 τῶν
420 2770 552 2858 ὅπλων,
570 2773 752 2850 συνθέντες
764 2769 800 2838 δέ
812 2767 961 2859 ἀγκύρας
976 2799 1055 2840 κατ-

54 2879 139 2957 ήκαν
153 2869 369 2956 περιμήκεας,
391 2866 449 2948 τός
468 2871 530 2954 μὲν
544 2867 629 2956 πρδς
645 2874 706 2936 τοῦ
719 2866 854 2937 Πόντου
875 2875 932 2954 τῆς
946 2871 1056 2956 ἑτέρης

51 2976 120 3036 τῶν
131 2965 264 3052 ἀνέμων
275 2970 404 3035 εἵνεκεν
414 2975 481 3034 τῶν
492 2972 622 3035 ἔσωθεν
633 2964 854 3051 ἐκπνεόντων,
868 2971 925 3051 τής
938 2966 974 3032 δέ
986 2968 1055 3032 έτέ-

50 3092 113 3152 ρης
135 3072 192 3151 τῆς
205 3061 289 3151 πρός
303 3067 441 3150 ἑσπέρης
458 3090 493 3131 τε
512 3067 567 3134 καλ
587 3071 648 3134 τοῦ
661 3069 805 3151 Αίγαίον
827 3062 930 3148 εύρου
950 3066 1053 3130 τεκαὶ

51 3161 155 3231 νότου
170 3163 313 3246 εἵνεκεν,
336 3163 513 3230 διέκπλοον
529 3164 565 3230 δέ
582 3160 778 3248 ὑπόφαυσιν
792 3160 969 3229 κατέλιπον
986 3168 1052 3228 τῶν

50 3257 324 3344 πεντηκοντέρων
335 3259 390 3324 καὶ
402 3261 565 3345 τριηρέων
574 3265 702 3346 τριγού,
713 3261 770 3326 ἵνα
781 3261 836 3328 καὶ
847 3259 880 3336 ἐς
891 3256 950 3327 τόν
960 3260 1053 3328 Πόν-

51 3381 110 3421 τον
122 3349 423 3438 ἐχηὸβουλόμενοε
432 3355 558 3422 κλύειν
567 3361 711 3424 πλοίοισι
722 3364 869 3425 λεπτοῖσι
880 3359 934 3424 καὶ
945 3359 981 3426 ἐκ
992 3364 1052 3427 τοῦ
