2378 3840
156 166 220 232 174
532 171 784 228 HERODOTI

149 333 339 416 Ἐχείδωρος
353 334 480 415 μοῦνος
494 326 557 395 οῦκ
570 324 748 416 ἀντέχρησε
762 335 802 416 τῇ
817 335 952 417 στρατιῇ
966 328 1158 419 πινόμενος,

153 422 228 493 ἀλλ’
246 427 387 494 ἐπέλιπε.

69 591 72 600 ,
87 543 136 598 128
235 525 358 610 ,Ξέρξης
369 526 404 590 δὲ
417 520 525 611 ὁρέων
539 526 576 593 ἐκ
588 529 645 608 τῆς
654 527 784 611 Θέρμης
795 521 897 610 οὔρεα
908 521 948 592 τῦ
957 523 1158 612 Θεσσαλικῦ,

150 622 211 690 τόν
224 647 260 690 τε
272 621 458 709 Οὔλυμπον
472 626 527 690 καί
540 620 745 709 τήνὌσσαν,
759 623 903 710 μεγάθεΐ
913 650 948 690 τε
962 622 1157 713 ὑπερμήκεα

152 718 266 806 ἐόντα,
285 720 339 788 διὰ
353 723 457 808 μέσον
471 746 508 789 τε
518 717 631 788 αὐτῶν
641 717 777 788 αὐλῶνα
788 719 921 790 στεινὸν
935 723 1157 808 πυνθανόμε-

152 848 211 900 νος
226 819 328 908 εἶναι,
344 819 389 890 δι’
406 813 448 888 οῦ
463 823 530 907 ῥέει
546 817 731 908 ὁΠηυειός,
747 819 883 890 ἀκούων
900 847 935 890 τε
953 820 1037 889 εἶναι
1051 821 1155 909 ταύτη

151 921 234 992 ὁδόν
250 927 283 1002 ές
298 930 485 1010 Θεσσαλίην
500 927 688 1011 φέρουσαν,
710 923 902 1010 ἐπεθύμησε
915 923 1049 1002 πλοόσας
1063 924 1156 1010 θηή-

150 1033 276 1092 σασθαι
302 1021 364 1111 τήν
385 1021 527 1112 ἐκβολήν
548 1031 609 1092 τοῦ
627 1030 794 1110 Πηνειοῦ,
821 1021 871 1091 ὅτι
896 1020 1049 1110 τηνόίνω
1072 1021 1155 1090 ὁδόν

151 1127 266 1209 ἔμελλε
282 1123 362 1191 ἐλᾶν
376 1121 432 1190 διὰ
446 1123 658 1192 Μακεδόνων
678 1129 747 1192 τῶν
761 1121 952 1209 κατύπερθε
967 1127 1155 1207 οἰκημένων

150 1223 183 1298 ές
196 1218 408 1309 Περραιβοῦς
422 1219 512 1306 παρὰ
528 1222 660 1291 Γόννον
675 1220 790 1290 πόλιν·
812 1221 916 1310 ταῦτη
926 1219 991 1309 γὰρ
1005 1219 1154 1308 όισφαλέ-

150 1340 271 1387 στατον
287 1319 499 1390 ἐπυνθάνετο
515 1321 609 1392 εἶναι.
640 1321 685 1400 ὡς
699 1322 736 1390 δέ
751 1322 957 1408 ἐπεθύμησε,
973 1324 1028 1389 καί
1044 1325 1152 1389 ἐποίεε

148 1425 268 1484 ταῦτα’
291 1415 390 1507 έσβῦς
405 1421 438 1500 ἐς
451 1424 623 1506 Σιδωνίην
637 1423 707 1506 νέα,
722 1420 755 1498 ές
773 1413 899 1504 τήνπερ
915 1421 1063 1506 ἐσέβαινε
1077 1423 1148 1501 αίελ,

149 1512 235 1594 ὅκως
260 1543 291 1583 τι
311 1519 423 1586 ἐθέλοι
445 1523 577 1585 τοιοῦτο
600 1524 752 1604 ποιήσαι,
777 1513 910 1604 ἀνέδεξε
931 1514 1074 1602 σημήιον
1096 1519 1150 1582 καὶ

149 1625 233 1679 τοίσι
255 1610 385 1682 ἄλλοισι
404 1611 609 1701 ἀνοίγεσθαι,
629 1610 821 1683 καταλιπόν
844 1610 948 1681 αὐτοῦ
969 1610 1029 1680 τὸν
1050 1610 1151 1691 πεζόν

148 1710 299 1792 στρατόν.
324 1714 393 1780 ἐπεὶ
407 1714 444 1781 δὲ
454 1709 589 1782 όπίκετο
603 1715 658 1782 καί
672 1711 838 1800 ἐθηήσατο
847 1714 969 1797 Ξέρξης
980 1706 1041 1796 τήν
1053 1711 1150 1794 έκβο·

148 1803 211 1892 λήν
220 1815 282 1876 τοῦ
292 1817 458 1898 Πηνειοῦ,
476 1814 513 1880 ἐν
536 1806 668 1895 θοόματι
694 1808 997 1898 μεγόλμέυέσχετο,
1010 1810 1150 1882 καλέσας

148 1907 185 1974 δέ
204 1905 284 1987 τοῦς
303 1909 532 1996 κατηγεμόνας
551 1918 610 1997 τῆς
626 1909 708 1978 ὁδοῦ
731 1917 852 1994 είρετο,
874 1912 904 1974 εί
919 1903 978 1973 τὸν
998 1901 1150 1991 ποταμόν

80 2019 129 2074 129
145 2011 214 2074 ἔστι
230 2013 487 2094 παρατρέψαντα
503 2012 597 2097 ἑτέρη
616 2012 649 2087 ές
667 2009 845 2077 θάλασσαν
858 2009 1037 2092 ἐξαγαγεῖν.
1080 2002 1149 2090 Τήν

146 2105 183 2172 δέ
197 2111 383 2192 Θεσσαλίην
400 2107 500 2195 λόγος
516 2111 582 2176 ἐστὶ
595 2107 632 2176 τό
651 2104 795 2174 παλαιόν
810 2104 894 2174 εἶναι
909 2111 1047 2192 λίμνην,
1066 2104 1148 2194 ὥστε

144 2228 183 2290 γε
194 2198 480 2294 συγκεκληιμένην
490 2207 662 2276 πάντοθεν
673 2204 877 2292 ὑπερμήκεσι
888 2205 1011 2292 οὔρεσι.
1034 2203 1074 2273 τὰ
1086 2208 1148 2291 μὲν

144 2290 209 2387 γὰρ
224 2299 326 2388 αὐτῆς
336 2302 420 2385 πρὸς
436 2303 499 2392 τήν
512 2303 561 2392 ήῦ
573 2311 689 2391 έχοντα
704 2304 742 2370 τό
756 2329 791 2371 τε
800 2302 928 2390 Πήλιον
944 2296 1044 2390 οὖρος
1060 2301 1146 2390 καὶὴ

144 2397 249 2468 ”om
261 2397 434 2487 ἀποκληίει
446 2409 674 2490 συμμίσγοντα
684 2399 743 2480 τὰς
752 2397 905 2484 ῦπωρέας
916 2397 1099 2489 ἀλλήλοισι,
1106 2399 1146 2468 τῦ

144 2498 181 2565 δέ
193 2493 277 2584 πρός
301 2497 409 2585 βορέω
430 2497 557 2587 ἀνέμου
571 2498 769 2585 Οῦλυμπος,
789 2495 830 2565 τὰ
849 2500 885 2566 δέ
900 2497 983 2584 πρὸς
1004 2500 1146 2589 ἑσπέρην

143 2599 286 2681 Πίνδος,
307 2594 351 2662 τῦ
364 2596 401 2664 δέ
419 2595 504 2684 πρός
523 2603 730 2685 μεσαμβρίην
750 2621 785 2663 τε
799 2599 855 2663 καὶ
868 2594 994 2682 όίυεμον
1011 2596 1113 2665 νότον
1128 2624 1146 2682 η

144 2692 290 2779 Ὄθρυς,
310 2689 347 2757 τό
369 2696 472 2777 μέσον
486 2696 523 2763 δὲ
538 2694 667 2763 τούτων
688 2699 755 2760 τῶν
771 2695 961 2778 λεχθέντων
978 2691 1108 2781 οῦρέων
1125 2689 1145 2779 ἡ

144 2796 308 2877 Θεσσαλίη
326 2792 393 2860 ἐστὶ
409 2795 510 2862 ἐοῦσα
524 2801 628 2880 κοίλη.
658 2791 742 2860 ὥστε
757 2783 806 2859 τόν
820 2799 979 2878 ποταμῶν
993 2792 1026 2870 ές
1040 2789 1146 2877 αι’πήν

143 2895 198 2960 καὶ
214 2889 325 2959 ἄλλων
340 2899 474 2978 συχυῦν
489 2892 737 2982 ἐσβαλλόντων,
752 2892 850 2958 πέντε
865 2889 901 2959 δδ
915 2895 983 2958 τῶν
999 2892 1146 2976 δοκίμων

141 2990 284 3077 μάλιστα
303 2994 426 3077 τῦνδε,
441 2998 592 3077 Πηνειοῦ
610 2992 666 3059 καὶ
683 2986 866 3056 Ἀπιδανοῦ
886 2988 941 3056 καὶ
957 2983 1145 3073 Ὀνοχώνου

142 3091 197 3155 καὶ
207 3086 354 3166 Ἐνιπέος
370 3092 425 3156 καλ
437 3096 610 3176 Παμίσου,
625 3093 659 3158 οί
669 3113 730 3174 μεν
740 3111 807 3154 νυν
821 3086 854 3164 ές
867 3082 904 3154 τῦ
916 3089 1033 3153 πεδίον
1046 3089 1145 3153 τοῦτο

141 3187 382 3272 συλλεγόμενοι
408 3189 445 3255 έκ
466 3194 534 3254 τῶν
556 3182 687 3273 οῦρέων
708 3192 776 3255 τῶν
800 3181 1065 3271 περικληιόντων
1083 3179 1145 3268 τήν

141 3290 329 3373 Θεσσαλίην
346 3282 608 3374 οῦνομαζόμενοι
623 3284 668 3356 δι’
693 3282 768 3364 ἑνός
786 3282 938 3363 αῦλῦνος
952 3287 1007 3352 καλ
1022 3278 1145 3351 τοῦτου

141 3387 274 3449 στεινοῦ
289 3387 409 3469 ἔκροον
420 3390 532 3471 έχουσι
543 3388 577 3465 ές
586 3386 775 3472 θάλασσαν,
787 3388 1096 3470 προσυμμίσγοντες
1109 3379 1144 3449 τῦ

57 3556 183 3626 ⁴
310 3595 313 3602 .
