2378 3840
324 198 408 253 ιιι.
441 198 475 253 v,
509 197 608 254 CAP.
640 206 740 258 ιιι-
755 207 815 262 ns
1030 195 1072 264 57

66 351 151 438 ὑπερ
166 359 234 423 τοίν
244 358 388 425 πυλέων.
400 356 617 441 κρεμαμένης
633 356 718 423 δὲ
679 382 737 443 της
746 365 893 446 κεφαλης
902 365 957 430 καί
969 359 1072 450 οὔσης

65 450 129 537 ἤδη
144 455 258 535 κοίλης
272 449 372 538 έσμός
385 454 568 538 μελισσέων
585 450 720 533 ἐσδύς’
703 481 736 533 ες
750 453 857 545 αὐτην
871 466 999 546 κηρίων
1013 487 1072 547 μιν

66 551 261 637 ἐνέπλησαν.
277 574 402 618 τουτου
413 548 449 617 δὲ
460 550 646 634 γενομένου
657 577 834 621 τοιουτου
841 555 1047 677 ἐχρέοντο
1006 583 1071 646 γαρ

65 647 199 736 περί’
156 655 259 736 αντῆς
274 653 308 718 oc
324 646 558 735 Ἀμαθούσιοι·
575 650 765 739 ἐμαντεύθη
783 672 844 739 σφι
861 653 924 742 τὴν
938 657 1000 742 μὲν
1015 684 1072 725 κε-

65 746 179 837 φαλὴν
199 747 398 826 κατελόντας
412 747 539 833 θάψαι,
559 744 721 840 Ὀνησίλῳ
741 752 778 819 δὲ
799 753 901 821 θύειν
921 752 966 834 ὡς
986 753 1074 843 ἥρωϊ

65 844 130 915 ἀνά
146 852 215 913 πάν
230 851 318 932 ἐτος,
340 850 399 913 καί
410 863 470 931 σφι
485 851 617 913 ποιεῦσι
638 853 743 913 ταῦτα
764 847 904 935 ἀμεινων
918 859 1073 921 συνοίσε-

66 955 158 1014 σθαι.
194 940 412 1027 Ἀμαθούσιοι
429 946 492 1027 μέν
508 968 574 1009 νυν
588 944 725 1012 ἐποίευν
738 953 842 1013 ταῦτα
856 951 911 1016 καί
925 947 962 1018 τό
978 954 1072 1036 μέχρι
1090 969 1140 1020 115

65 1041 282 1131 &mmmm
293 1041 329 1110 δὲ
342 1047 375 1110 oc
384 1044 421 1109 έν
433 1043 561 1133 Κύπρῳ
573 1044 845 1130 ναυμαχήσαντες
863 1049 970 1114 ἐπείτε
991 1053 1071 1134 έμα-

63 1152 133 1211 θον
147 1137 187 1207 τά
202 1137 431 1227 πράγματατὰ
442 1136 616 1225 Ὀνησίλου
631 1144 863 1231 διεφθαρμένα
873 1146 927 1212 καί
938 1143 997 1224 τάς
1007 1145 1072 1213 πό-

64 1247 118 1319 λις
135 1241 204 1304 τόν
234 1243 398 1323 Κυπρίων
412 1240 695 1323 πολιορκευμένας
707 1234 767 1318 τάς
781 1238 883 1318 ἀλλας
899 1242 987 1362 πλην
997 1251 1071 1310 Σα-

64 1348 214 1424 λαμῖνος,
228 1335 354 1421 ταύτην
370 1334 406 1403 δὲ
417 1333 578 1427 Γόργῳ
546 1361 592 1402 τω
578 1341 753 1429 προτέρῳ
766 1341 897 1426 βασιλέι
908 1338 987 1419 τούς
998 1350 1051 1409 Σα

64 1439 240 1531 λοιμινίους
253 1431 480 1520 παραδόντας,
496 1405 615 1501 αὐτίκα
631 1436 799 1521 μαθόντες
816 1437 866 1505 οί
866 1435 973 1518 Ίωνες
987 1435 1071 1506 ταῦ-

48 1542 105 1600 εἶτα
112 1526 299 1599 ἀπέπλωον
314 1527 397 1608 ἐς
361 1555 424 1616 την
442 1527 579 1617 Ἰωνίην.
613 1538 682 1600 τῶν
698 1535 734 1601 δὲ
748 1536 785 1601 έν
801 1535 931 1626 Κύπρῳ
944 1542 1072 1604 πολίων

65 1633 203 1718 ἀντέσχε
234 1630 359 1717 χρόνον
387 1632 440 1698 ἐπί
472 1640 628 1700 πλεῖστον
664 1635 929 1721 πολιορκεομένη
956 1633 1071 1718 Σόλοι,

65 1731 128 1819 τὴν
149 1731 243 1812 πέριξ
266 1725 516 1812 ὑπορύσσοντες
537 1728 573 1796 τό
596 1742 700 1814 τεῖχος
722 1733 858 1821 πέμπτῳ
877 1734 957 1817 μηνί
981 1726 1071 1799 εἷλον

67 1857 99 1899 οι
91 1830 250 1915 Πέρσαι.

151 1925 299 2012 Κύπριοι
311 1924 374 2010 μέν
384 1923 425 2010 δὴ
437 1920 594 1992 ἐνιαυτόν
605 1924 778 2011 ἐλεύθεροι
789 1923 964 2010 γενόμενοι
978 1916 1072 2001 αύτις
1088 1938 1140 1992 116

64 2030 103 2096 έκ
115 2028 193 2109 νέης
203 2022 504 2092 κατεδεδουλωντο
516 2029 689 2110 Δαυρίσης
700 2023 736 2090 δε
747 2027 832 2108 ἔχων
841 2028 991 2110 Δαρείου
1002 2031 1070 2088 θυ-

63 2126 188 2247 ματέρα
202 2147 256 2190 και
245 2124 390 2206 Ῥμαίης
400 2147 435 2188 τε
444 2118 512 2188 καί
509 2121 640 2208 Οτάνης
653 2123 708 2189 καί
719 2120 813 2190 άλλοι
825 2124 952 2207 Πέρσαι
969 2141 1070 2204 στρα-

63 2226 171 2311 τηγοί,
187 2227 316 2307 ἔχοντες
326 2211 434 2287 καί
391 2244 485 2287 ουτοι
496 2227 646 2307 Δαρείου
659 2222 859 2306 θυγατέρας,
873 2217 1070 2296 ἐπιδιώξαν-

64 2347 118 2400 τες
135 2316 214 2398 τούς
228 2322 262 2397 ἐς
275 2317 403 2404 Σάρδις
416 2321 723 2405 στρατευσαμένους
741 2316 863 2387 Ἰάνων
878 2317 933 2383 καὶ
947 2313 1070 2398 ἐσαρά·

65 2419 181 2498 ξαντές
196 2435 300 2502 σφεας
315 2412 399 2494 ἐς
362 2441 421 2493 τας
437 2419 529 2502 νίας,
550 2423 590 2504 τῇ
605 2417 692 2506 μάχη
708 2444 752 2496 ως
766 2415 1010 2504 ἐπεκράτησαν,
1031 2408 1068 2479 τό

64 2519 228 2584 ἐνθεῦτεν
244 2511 535 2599 ἐπιδιελόμενοι
498 2540 557 2592 τας
572 2515 668 2593 πόλις
683 2515 860 2598 ἐπόρθεον
895 2517 1069 2598 Δαυρίσης
1087 2525 1135 2583 117

65 2617 129 2701 μὲν
144 2612 352 2700 τραπόμενος
367 2612 451 2703 πρὸς
467 2611 525 2693 τάς
536 2611 590 2682 έν
587 2614 811 2707 Ελλησπόντῳ
822 2614 919 2694 πόλις
930 2608 995 2682 εἷλε
1006 2614 1068 2699 μὲν

63 2710 303 2798 Δάρδανον,ε
304 2706 354 2780 λε
368 2715 404 2781 δ
415 2711 563 2800 ’Ἄβυδόν
582 2739 618 2781 τε
633 2740 688 2781 και
677 2712 884 2798 Περκοίτην
904 2714 959 2780 καί
972 2719 1069 2797 Λάμ-

63 2825 178 2891 ψακον
193 2835 249 2878 και
237 2809 410 2878 Παισόν·
431 2811 554 2889 ταύτας
570 2811 633 2898 μέν
648 2807 700 2880 ἐπ’
726 2808 831 2896 ἡμέρη
862 2807 981 2896 ἑκάστη
1015 2810 1069 2875 αί-

65 2935 139 2997 ρεε,
154 2905 220 2976 ἀπο
209 2906 273 2976 δὲ
282 2915 415 2976 Παισοῦ
429 2909 609 2978 ἐλαύνοντί
594 2917 650 2979 ίοι
643 2913 715 2978 έπλ
723 2909 856 2995 Πάριον
870 2907 970 2975 πόλιν
983 2898 1069 2993 ἦλθε

64 3005 203 3093 ἀγγελίη
219 3002 299 3084 τούς
314 3011 429 3092 Κᾶρας
446 3002 551 3074 τάντδ
563 3005 654 3075 ’Ίωσι
671 3006 905 3094 φρονήσαντας
927 3000 1069 3070 άπεστά-
1184 3070 1188 3077 ,

63 3134 123 3175 ναι
140 3103 205 3174 ἀπό
219 3109 387 3192 Περσέων.
414 3103 623 3192 ἀποστρέψας
640 3099 688 3174 ἀν
701 3108 737 3174 ἐκ
754 3110 816 3173 τοῦ
824 3100 1070 3189 Ἑλλησπόντου

63 3205 193 3292 ἤλαυνε
202 3202 263 3273 τόν
273 3202 416 3292 στρατόν
426 3208 479 3273 έπί
487 3203 549 3292 τὴν
556 3215 696 3293 Καρίην.
715 3211 786 3275 Καί
793 3231 859 3284 κως
870 3209 973 3272 ταῦτα
986 3215 1070 3270 τοῖσι
1092 3216 1141 3269 118

66 3305 177 3388 Καρσὶ
191 3304 372 3390 ἐξηγγέλθη
409 3301 620 3391 πρότερονῆ
649 3304 710 3375 τόν
736 3310 914 3390 Δαυρίσην
955 3300 1071 3371 ἀπικέ-

64 3410 158 3470 σθαι.
182 3399 372 3487 πυθόμενοι
384 3400 420 3468 δέ
432 3406 466 3469 οί
474 3409 584 3490 Κᾶρες
596 3405 813 3490 συνελέγοντο
826 3403 878 3470 ἐπὶ
889 3400 1021 3478 Λευκάς
1035 3424 1070 3467 τε
