2378 3840
140 195 205 264 804
519 202 772 261 HERODOTI

145 363 181 429 δέ
197 365 248 430 καὶ
265 359 467 439 Μακεδόνας
487 385 522 427 τε
541 361 594 428 καλ
616 357 694 439 τούς
711 363 785 446 περὶ
805 369 991 449 Θεσσαλίην
1016 367 1155 451 οἰκημέ-

92 471 128 524 32
145 484 227 537 νους
242 455 325 526 κατά
339 455 418 536 τούς
429 454 638 544 Ἀθηναίους.
672 464 783 525 Ταῦτα
799 463 860 544 μὲν
880 466 949 527 τῶν
963 462 1100 529 ἐθνέων
1113 459 1152 530 τά

142 561 279 645 μέγιστα
295 555 498 643 ούνόμασται
513 560 581 624 τῶν
596 553 661 624 ὑπό
674 556 1091 644 Μαρδονίουταχθέντωυ,
1103 557 1156 625 τά·

142 679 204 738 περ
221 655 464 738 ἐπιφανέστατά
478 679 513 724 τε
526 647 571 741 ἦν
586 658 640 722 καί
656 654 761 740 λόγον
774 661 939 739 πλείστου.
972 661 1102 745 ένήσαυ
1118 657 1153 725 δὲ

142 756 197 819 καλ
208 750 320 821 ἀλλων
332 755 462 822 ἐθνέων
474 749 595 841 ἀνδρες
606 751 877 840 ἀναμεμιγμένοι,
890 762 1037 841 Φρυγῶν
1050 758 1153 823 τεκαὶ

143 854 300 937 Θρηίκων
316 853 371 918 καὶ
387 858 522 919 Μυσῶν
536 871 571 918 τε
587 853 641 928 καὶ
655 851 817 920 Παιόνων
828 855 881 920 καὶ
893 859 961 920 τῶν
972 852 1099 939 ἀλλων,
1117 854 1152 921 έν

140 947 177 1013 δέ
191 946 246 1014 καὶ
256 947 436 1016 Αἰθιόπων
451 974 486 1016 τε
502 951 556 1016 καί
569 954 764 1035 Αἰγυπτίων
777 951 812 1016 οἵ
823 975 858 1016 τε
868 947 1086 1037 Ἑρμοτύβιες
1097 952 1150 1017 καλ

139 1049 175 1113 οί
184 1052 383 1134 Καλασίριες
400 1045 597 1134 καλεόμενοι
612 1047 865 1135 μαχαιροφόροι,
888 1049 985 1132 οἵπερ
1001 1045 1071 1112 είσλ
1088 1053 1150 1116 Αί-

139 1149 292 1228 γυπτίων
308 1150 429 1228 μοῦνοι
445 1144 590 1230 μάχιμοι.
614 1145 755 1224 τούτους
766 1147 803 1213 δὲ
814 1151 861 1214 ἐτι
873 1143 939 1215 ἐάν
953 1148 991 1214 έν
1002 1147 1149 1236 Φαλήρῳ

139 1238 204 1308 ἀπὸ
226 1249 294 1309 τῶν
317 1248 406 1310 νεῶν
428 1239 652 1330 ἀπεβιβάσατο
674 1241 789 1322 ἐόντας
811 1244 985 1331 ἐπιβάτας·
1020 1240 1065 1311 ού
1084 1241 1149 1330 γάρ

140 1340 329 1427 ἐτάχθησαν
350 1343 383 1420 ἐς
399 1338 459 1409 τόν
480 1337 581 1421 πεζόν
595 1338 655 1408 τόν
677 1339 745 1428 ἀμα
761 1344 866 1430 Ξέρξη
888 1338 1101 1427 ἀπικόμενον
1119 1343 1149 1419 ἐς

138 1436 197 1517 τάς
207 1436 351 1527 Ἀθήνας
357 1439 544 1525 Αἰγύπτιοι.
557 1445 625 1506 τῶν
635 1437 698 1525 μὲν
708 1437 748 1524 δή
761 1438 942 1527 βαρβάρων
952 1431 1043 1526 ήσαν
1054 1438 1149 1527 τριή-

139 1565 241 1606 κοντα
252 1539 423 1624 μυριάδες,
440 1535 485 1617 ὡς
496 1540 551 1605 καὶ
563 1536 731 1625 πρότερον
741 1538 933 1626 δεδήλωται,
947 1544 1016 1605 τῶν
1029 1535 1149 1606 δὲἘλ-

138 1636 252 1724 λήνων
271 1643 339 1705 τῶν
353 1641 555 1723 Μαρδονίου
573 1637 757 1723 συμμάχων
779 1635 849 1705 οἶδε
864 1635 926 1723 μὲν
946 1632 1060 1714 οὐδεὶς
1074 1632 1149 1722 ἀρι-

137 1736 230 1820 θμόν
257 1733 311 1803 ὀύ
332 1733 397 1822 γάρ
420 1727 468 1803 ἀν
482 1733 758 1822 ήριθμήθησαν·,
784 1732 829 1813 άις
849 1734 885 1801 δὲ
903 1730 1096 1816 ἐπεικάσαι,
1119 1734 1149 1811 ἐς

138 1834 236 1900 πέντε
257 1833 423 1919 μυριάδας
444 1839 645 1920 συλλεγῆναι
666 1831 792 1914 εἰκάζω.
828 1824 920 1900 οὗτοι
942 1836 977 1899 οί
995 1854 1146 1918 παρατα-

136 1935 274 2016 χθέντες
288 1935 378 2014 πεζοὶ
394 1927 497 2021 ήσαυ,
512 1931 533 2020 ἡ
550 1933 586 2001 δέ
603 1936 703 2012 ἵππος
716 1937 815 2020 χωρίς
830 1935 990 2001 ἐτέτακτο.

89 2037 122 2091 33
218 2027 276 2108 Ὡς
291 2029 327 2097 δέ
344 2027 409 2116 ἀρα
430 2030 552 2108 πάντες
572 2034 606 2098 οί
624 2031 795 2117 ἐτετάχατο
816 2028 899 2098 κατά
913 2029 949 2096 τε
967 2034 1074 2096 ἔθνεα
1096 2031 1146 2097 καί

137 2121 220 2192 κατά
235 2125 346 2212 τέλεα,
362 2131 511 2194 ἐνθαῦτα
522 2134 561 2215 τή
577 2129 716 2216 δευτέρῃ
729 2126 836 2216 ἡμέρῃ
851 2125 996 2196 ἐθύοντο
1012 2130 1069 2194 καί
1085 2124 1145 2213 ἀμ-

137 2222 282 2308 φότεροι.
307 2218 442 2309 Ἕλλησι
456 2225 518 2310 μὲν
536 2222 719 2310 Τισαμενός
737 2221 908 2309 Ἀντιόχου
920 2217 965 2310 ήυ
980 2217 998 2290 ὁ
1014 2223 1147 2308 θυόμε-

135 2345 202 2398 νος.
248 2312 345 2399 οὗτος
380 2319 444 2408 γάρ
481 2320 521 2407 δή
559 2324 667 2388 εἵπετο
702 2324 750 2410 τῷ
786 2314 1005 2406 στρατεύματι
1038 2317 1148 2409 τούτφ

128 2417 261 2504 μάντις·
287 2415 346 2486 τόν
372 2418 469 2487 ἐόντα
496 2419 627 2490 Ἠλεῖον
657 2420 713 2486 καὶ
742 2420 856 2504 γένεος
885 2425 945 2486 τοῦ
972 2414 1148 2506 Ἰαμιδέων

139 2516 397 2602 Λακεδαιμόνιοι
413 2518 611 2605 ἐποιήσαντο
626 2523 864 2606 λεωσφέτερον.
890 2525 1068 2609 Τισαμενῷ
1085 2515 1150 2605 γὰρ

137 2616 374 2706 μαντευομένῳ
395 2619 432 2682 ἐν
448 2625 612 2702 Δελφοῖσι
635 2621 710 2706 περὶ
729 2616 837 2704 γόνου
859 2614 969 2684 ἀνεῖλε
989 2614 1012 2703 ἡ
1030 2624 1150 2702 Πυθίη

138 2710 269 2798 ἀγῶνας
292 2712 372 2793 τούς
388 2722 564 2802 μεγίστους
586 2712 829 2805 ἀναιρήσεσθαι
850 2719 957 2784 πέντε.
990 2712 1093 2803 ὁμὲν
1112 2715 1148 2802 δή

136 2806 295 2897 ἁμαρτών
308 2817 369 2878 τοῦ
383 2819 586 2899 χρηστηρίου
598 2827 751 2900 προσεῖχε
768 2826 853 2881 τοῖσι
868 2817 1089 2897 γυμνασίοισι
1108 2811 1148 2891 ὡς

135 2903 402 2995 ἀναιρησόμενος
423 2907 608 2996 γυμνικούς
629 2907 778 2996 ἀγῶνας,
800 2907 931 2978 ἀσκέων
947 2910 982 2977 δέ
1001 2912 1147 2978 πεντάε-

136 3014 224 3073 θλον
235 3003 325 3091 παρά
337 3009 375 3075 ἓν
387 3007 558 3094 πάλαισμα
570 3013 691 3096 έδραμε
703 3017 802 3077 νικᾶν
812 3007 1016 3096 ὀλυμπιάδα,
1034 3008 1149 3099 Ἱερω-

135 3105 231 3195 νύμῳ
248 3113 294 3197 τῷ
311 3103 451 3198 Ἀνδρίφ
467 3105 579 3176 ἐλθόν
593 3111 626 3188 ἐς
641 3115 722 3194 έριν.
752 3110 1011 3197 Λακεδαιμόνιοι
1030 3113 1068 3180 δὲ
1085 3141 1147 3199 μα·

29 3277 32 3280 ,
134 3204 256 3282 θόντες
274 3201 336 3272 ούκ
353 3206 386 3283 ές
401 3204 588 3292 γυμνικούς
603 3203 678 3277 ἀλλ’
694 3210 728 3288 ἐς
738 3205 877 3295 ἀρηίους
890 3205 1026 3295 ἀγῶνας
1038 3213 1147 3296 φέρον

134 3298 171 3368 τδ
187 3308 377 3387 Τισαμενοῦ
387 3304 560 3392 μαντήϊον,
576 3313 688 3395 μισθῷ
704 3304 888 3392 ίπειρέοντο
903 3309 1081 3384 πείσαντες
1088 3315 1147 3376 Τι·

122 3394 279 3482 σαμενδν
299 3402 475 3471 ποιέεσθαι
498 3398 566 3493 ἀμα
587 3396 830 3487 Ἡρακλειδέων
856 3415 940 3470 τοῖσι
966 3409 1149 3489 βασιλεῦσι
