2378 3840
10 174 13 305 χ
325 196 409 253 ιιε.
441 196 479 252 v1
523 195 621 252 οιε.
656 203 829 255 ιιι-ιω.
1018 192 1078 258 11³

10 348 13 363 '
65 352 228 441 Ἀθήνας,
244 353 289 434 ῦς
304 380 361 440 μοι
374 353 542 441 πρότερον
556 352 747 440 δεδήλωται.
768 351 864 422 Ἀλλά
878 354 943 443 γάρ
956 365 1034 434 ίσως
1045 382 1076 423 τι
1095 373 1146 426 12⁴

66 451 332 539 ἐπιμεμφόμενοι
343 449 533 538 Ἀθηναίων
543 457 588 540 τῷ
600 452 694 542 δήμω
705 454 927 536 προεδίδοσαν
936 450 998 540 τήν
1009 477 1075 519 πα-

64 552 172 635 τρίδα.
201 545 243 616 οῦ
258 549 321 635 μέν
336 540 386 617 ῦν
399 541 488 636 ήσάν
505 568 620 633 σφεων
637 545 731 614 άλλοι
747 549 964 638 δοκιμώτεροι
984 555 1022 618 έν
1035 575 1075 634 γε
1125 543 1130 553 “

60 640 271 732 Ἀθηναίοισι
294 644 432 732 ἄνδρες,
457 642 532 712 οὐδ’
559 651 593 711 οἱ)
614 650 741 729 μάλλον
762 646 954 732 ἐτετιμέατο.
984 645 1073 712 οὕτω

64 740 147 813 οῦδδ
161 744 261 831 λόγος
276 746 378 831 αἱρέει
395 741 622 830 ἀναδεχθῆναι
638 749 674 810 έκ
687 769 726 829 γε
747 740 791 811 άν
805 746 936 813 τούτων
951 744 1073 813 άσπίδα

62 842 116 911 {a}
136 841 280 933 τοιοῦτφ
296 842 395 934 λόγῳ.
426 839 592 927 ἀνεδέχθη
608 841 671 927 μὲν
688 838 752 927 γάρ
770 840 957 929 ἀσπίς,καὶ
975 849 1073 911 τοῦτο

62 936 131 1008 σῦκ
144 944 214 1008 ἔστι
224 937 334 1018 ἄλλως
344 946 465 1008 είπείν·
488 941 617 1025 ἐγένετο
629 940 711 1025 γάρ·
733 936 769 1016 ῦς
780 943 893 1024 μέντοι
904 934 948 1027 ἦν
960 937 977 1007 ὁ
990 938 1074 1008 ιἰνα-

63 1041 178 1126 δέξας,
195 1037 258 1107 οῦκ
273 1045 337 1127 έχω
352 1043 553 1127 προσωτέρω
569 1044 674 1107 είπείν
688 1038 826 1107 τούτων.

152 1141 197 1206 OC
208 1138 245 1207 δέ
255 1135 511 1226 Ἀλκμαιωνίδαι
524 1131 612 1224 ἦσαν
622 1139 685 1223 μὲν
695 1139 750 1204 καὶ
760 1135 800 1204 τά
812 1136 980 1206 άνέκαθεν
990 1146 1075 1224 λαμ·
1090 1151 1141 1203 125

59 1237 143 1324 πρωί
161 1238 199 1304 έν
220 1242 294 1325 τῇσι
310 1234 487 1326 Ἀθήνησι,
512 1232 577 1304 άπὸ
603 1237 639 1303 δέ
656 1233 879 1322 Ἀλκμαίωνος
902 1240 955 1305 καὶ
977 1230 1072 1315 αῦτις

59 1334 260 1419 Μεγακλέος
271 1335 424 1421 ἐγένοντο
439 1336 494 1402 καὶ
510 1334 616 1420 κάρτα
633 1339 787 1420 λαμπροί.
810 1341 909 1401 τοῦτο
926 1333 988 1420 μέν
1005 1330 1070 1446 γάρ

57 1429 248 1518 Ἀλκμαίων
261 1428 279 1498 δ
295 1437 491 1519 Μεγακλέος
505 1447 591 1501 τοῖσι
607 1435 643 1500 ἐκ
656 1436 814 1517 Σαρδίων
824 1437 964 1501 Λυδοῖσι
979 1457 1069 1519 παρα

61 1535 216 1616 Κροίσου
229 1525 499 1617 ἀπικνεομένοισι
520 1533 572 1598 ἐπὶ
593 1527 630 1597 τὸ
646 1529 848 1616 χρηστήριον
867 1527 904 1599 τὸ
926 1533 963 1599 έν
980 1541 1070 1601 Δελ-
1182 1524 1185 1528 ’

61 1640 158 1716 φοίσι
172 1629 398 1716 συμπρήκτωρ
415 1655 451 1696 τε
468 1632 593 1714 ἐγένετο
611 1632 666 1696 καί
686 1629 919 1717 συνελάμβανε
936 1627 1069 1717 προθῦ-

60 1750 148 1813 μοις,
164 1731 224 1794 καί
236 1752 296 1812 μιν
309 1734 453 1813 Κροῖσος
467 1726 663 1813 πυθόμενος
676 1734 743 1793 τῶν
758 1731 882 1794 Λυδῶν
896 1734 965 1795 τῶν
979 1731 1011 1806 ές
1028 1725 1069 1794 τά

60 1822 243 1912 χρηστήρια
263 1824 470 1910 φοιτεόντων
486 1822 613 1893 έωυτδν
630 1817 670 1891 εῦ
684 1830 811 1892 ποιέειν
824 1829 1068 1913 μεταπέμπεται

60 1925 95 2001 ές
109 1920 254 2008 Σάρδις,
273 1919 480 2015 ἀπικόμενον
496 1923 532 1990 δέ
549 1925 706 2010 δωρέεται
722 1929 851 2013 χρυσῷ,
872 1920 933 1990 τὸν
946 1919 990 1989 ἂν
1007 1924 1070 1990 δῦ·

59 2045 158 2107 νηται
169 2025 216 2108 τῷ
227 2021 355 2087 ἑωυτοῦ
366 2019 493 2107 στόματι
510 2023 737 2102 ἐξενείκασθαι
749 2020 881 2101 ἐσάπαξ.
911 2017 978 2089 ὅδὲ
996 2019 1069 2089 Ἀλ-

57 2122 190 2206 κμαίαν
203 2113 287 2202 πρδς
301 2114 364 2203 τήν
378 2116 509 2207 δωρεήν
522 2122 646 2187 έοῦσαν
659 2119 819 2205 τοιαύτην
829 2119 941 2187 τοιάδε
954 2121 1068 2205 ἐπιτη-

58 2214 183 2293 δεῦσας
193 2217 395 2301 προσέφερε·
412 2216 510 2296 ένδῦς
521 2223 654 2285 κιθῶνα
663 2220 770 2304 μέγαν
779 2221 834 2285 καὶ
845 2218 973 2286 κόλπον
982 2228 1066 2287 πολ·

56 2311 122 2382 λδν
141 2313 404 2400 καταλιπόμενος
424 2319 485 2380 τοῦ
507 2322 671 2399 κιθῶνος,
695 2315 887 2401 κοθόρνους
906 2313 986 2394 τοῦς
1007 2314 1066 2383 εῦ-

57 2429 155 2500 ρισκε
175 2407 379 2496 εὐρυτάτους
399 2413 515 2490 έόντας
533 2410 791 2499 ὑποδησάμενος
804 2412 856 2500 ήίε
872 2417 906 2493 ές
921 2411 982 2482 τδν
998 2425 1065 2500 θη*

56 2506 207 2597 σαυρδν,
220 2512 269 2589 ,ές
289 2509 350 2577 τόν
370 2513 404 2576 οί
425 2514 642 2598 κατηγέοντο,
671 2509 821 2579 έσπεσιῦν
841 2513 878 2578 δέ
899 2513 933 2588 ές
953 2509 1065 2599 σωρόν

55 2606 245 2694 ψήγματος,
267 2613 381 2693 πρῦτα
402 2610 464 2693 μέν
485 2609 648 2693 παρέσαξε
664 2604 756 2696 παρὰ
775 2605 833 2687 τάς
852 2609 981 2695 κνήμας
1000 2615 1060 2676 τοῦ

54 2711 185 2793 χρυσοῦ
200 2699 282 2772 ὅσον
296 2704 440 2791 έχοέρεον
457 2712 491 2775 οί
503 2709 684 2796 κόθορνοι,
708 2705 789 2795 μετά
808 2711 845 2776 δὲ
860 2706 921 2777 τδν
935 2710 1062 2778 κόλπον

54 2803 166 2872 πάντα
180 2803 391 2890 πλησάμενος
404 2813 533 2893 χρυσοῦ
544 2809 599 2876 καί
613 2809 646 2887 ἐς
659 2805 719 2887 τὰς
727 2815 839 2894 τρίχας
848 2817 906 2896 τῆς
916 2817 1063 2895 κεφαλῆς

53 2903 221 2982 διαπάσας
231 2910 292 2971 τοῦ
302 2904 473 2990 ψήγματος
485 2908 539 2975 καί
550 2905 631 2976 ἄλλο
641 2904 756 2995 λαβὼν
767 2910 800 2986 ές
809 2905 846 2976 τό
860 2908 966 2994 στόμα
977 2907 1061 2994 έξήιε

52 3005 90 3072 έκ
101 3009 164 3071 τοῦ
175 3010 363 3091 θησαυροῦ,
375 3006 482 3071 ἕλκων
493 3006 556 3092 μέν
568 3007 665 3092 μόγις
675 3003 753 3083 τοῦς
764 3005 964 3091 κοθόρνους,
975 3028 1062 3071 παν-

51 3104 82 3170 τὶ
97 3104 138 3169 δέ
151 3126 215 3193 τεςε
239 3098 339 3180 οίκιδς
360 3109 488 3188 μάλλον
508 3099 530 3190 ή
550 3100 733 3197 άνθράπω·
759 3111 820 3172 τοῦ
840 3103 879 3170 τό
899 3129 935 3171 τε
955 3105 1061 3190 στόμα

52 3203 213 3290 ἐβέβυστο
234 3201 290 3267 καί
309 3202 419 3270 πάντα
441 3202 621 3288 ἐξώγκωτο.
651 3205 766 3272 ίδόντα
787 3205 824 3270 δὲ
838 3199 899 3269 τὸν
912 3210 1060 3285 Κροῖσον

50 3303 157 3386 γέλως
167 3298 299 3386 ἐσῆλθε,
311 3309 369 3369 καί
378 3305 412 3368 οἱ
419 3302 528 3369 πάντα
539 3328 574 3370 τε
586 3305 696 3371 ἐκεῖνα
706 3306 797 3370 διδοῖ
804 3304 859 3369 καὶ
869 3298 953 3385 πρὸς
964 3304 1059 3389 έτερα

49 3398 208 3482 δωρέεται
221 3393 283 3546 οὔῆι
295 3399 424 3466 έλάσσω
435 3402 582 3470 ἐκείνων.
606 3396 694 3469 οῦτω
706 3401 768 3487 μὲν
779 3397 992 3486 έπλοῦτησεή
1007 3405 1064 3466 ol·

131 3506 232 3546 εεωοο.
278 3532 285 3544 .
898 3500 916 3552 8
