2378 3840
308 188 394 247 ιιι.
427 189 501 266 ιιιΙ
520 187 619 245 cn.
651 194 827 251 τοο-ιιι.
1011 190 1073 253 ειε

64 359 147 416 σθαι
165 345 209 426 ὡς
223 344 322 433 ἀνδρὶ
335 344 480 434 ψεύστη,
494 340 540 431 ήν
553 343 598 432 μή
614 345 719 412 ταῦτά
734 372 785 416 τοι
799 347 903 436 ταότη
920 352 1016 439 ἐκβῇ,
1032 358 1071 440 τῇ

64 444 129 533 ἐγω
145 449 239 534 λέγω.
266 452 378 515 Ταῦτα
392 447 502 532 λέγων
519 443 582 513 οὐκ
600 450 716 515 ἐπειθε
729 444 789 514 τόν
803 450 934 535 Ξέρξην
960 453 1071 518 τέσσε-
1087 463 1138 516 κιο

64 571 124 632 ρας
144 543 206 630 μέν
223 541 264 631 δή
284 548 448 631 παρεξῆκε
462 541 605 631 ἡμέρας,
626 546 765 625 ἐλπίζων
785 551 853 614 αίεί
865 566 970 635 σφεας
986 547 1071 617 ἀπο-
1157 540 1166 555 ’

64 645 258 732 δρήσεσθαι.
282 647 412 735 πέμπτη
429 643 482 732 δὲ,
505 641 549 722 ὡς
565 640 628 712 οὐκ
642 641 913 736 ἀπαλλάσσοντο,
939 647 1023 719 ἀλλά
1038 653 1072 719 οί

65 748 244 832 ἐφαίνοντο
259 740 412 834 ἀναιδείῃ
426 770 462 812 τε
476 745 531 812 καὶ
541 740 684 832 ἀβουλίη
698 743 929 833 διαχρεόμενοι
942 748 1068 835 μένειν,

62 844 183 929 πέμπει
206 839 258 909 ἐπ’
279 839 402 921 αὐτοὺς
417 843 560 929 Μήδους
573 868 609 910 τε
629 844 685 910 καὶ
701 850 860 923 Κισσίους
882 849 1068 932 θυμωθείς,

63 939 294 1027 ἐντειλάμενός
308 959 413 1026 σφεας
424 941 657 1028 ζωγρήσαντας
668 940 763 1027 ἀγειυ
775 945 808 1021 ἐς
819 940 898 1024 ὅφιν
909 943 971 1030 τήν
983 946 1068 1013 ἑωυ-

62 1045 132 1106 τοῦ.
156 1034 201 1116 ὡς
215 1035 247 1105 δ’
265 1039 427 1106 ἐπέπεσον
438 1040 619 1126 φερόμενοι
634 1042 667 1118 ές
682 1037 928 1128 τοάςἝλληνας
943 1046 977 1110 οί
986 1049 1066 1128 Μή-

62 1140 132 1221 δοι,
154 1142 293 1205 ἔπιπτον
310 1139 443 1222 πολλοὶ,
465 1133 560 1205 ἀλλον
577 1135 608 1204 δ’
627 1137 807 1224 ἐπεσήισαν
825 1141 881 1208 καὶ
901 1140 963 1209 οὐκ
979 1139 1066 1226 ἀπή·

61 1242 206 1318 λανυον,
222 1240 340 1322 καίπερ
352 1234 503 1322 μεγάλως
518 1243 786 1319 προσπταίοντες.
811 1242 914 1324 δῆλον
925 1236 957 1306 δ’
973 1241 1065 1307 ἐποί-

10 1405 11 1408 ,
62 1359 122 1400 ενν
136 1339 239 1401 παντί
248 1359 311 1424 τεφ
329 1335 384 1401 καί
398 1330 460 1401 οάκ
479 1331 597 1420 ἥκιστα
613 1332 702 1425 αὐτῷ
719 1337 864 1423 βασιλέι,
883 1334 933 1403 ὅτι
949 1336 1065 1403 πολλοὶ

59 1432 122 1516 μέν
135 1428 313 1515 ἀνθρωποι
329 1431 410 1517 εἷεν,
429 1428 536 1516 ὀλίγοι
554 1434 590 1500 δέ
607 1430 735 1519 ἀνδρες,
760 1435 886 1520 ἐγίνετο
899 1434 935 1502 δέ
945 1431 966 1520 ἡ
978 1453 1065 1521 συμ-

58 1528 142 1619 βολὴ
159 1527 203 1598 δι’
222 1527 354 1618 ἡμέρης.
400 1527 524 1599 ’Facem
552 1534 588 1600 δὲ
603 1537 637 1601 οί
648 1537 763 1618 Μῆδοι
778 1537 921 1621 τρηχέως
941 1540 1066 1621 περιιί-
1081 1549 1127 1607 211
1171 1571 1174 1576 ’

60 1653 179 1715 ποντο,
199 1632 348 1696 ἐνθαῦτα
363 1621 457 1697 οὗτοι
471 1629 533 1716 μίν
548 1626 747 1717 ὑπεξήισαν,
763 1635 797 1698 οἱ
810 1632 846 1698 δὲ
863 1631 990 1717 Πέρσαι
1008 1633 1024 1700 έ
1044 1671 1063 1682 -

59 1726 234 1813 δεξάμενοι
258 1724 415 1813 ἐπήισαν,
442 1724 521 1805 τούς
544 1725 737 1805 ἀθανάτους
760 1728 874 1798 ἐκάλεε
895 1726 1062 1816 βασιλεύς,

58 1832 125 1893 τῶν
139 1818 219 1910 ήρχε
230 1822 409 1911 Ὑδάρνης,
422 1823 465 1903 ὡς
477 1822 518 1910 δή
530 1817 627 1893 οὗτοί
636 1851 675 1909 γε
687 1823 847 1905 εὐπετέως
860 1826 1064 1911 κατεργασό-

57 1948 160 2010 μενοι.
187 1919 231 2001 ἀς
248 1923 285 1990 δὲ
299 1924 354 1990 καί
370 1915 464 1990 οὗτοι
479 1927 683 2010 συνέμισγον
696 1937 780 1991 τοῖσι
788 1921 938 2010 Ἕλλησι,
962 1921 1063 1992 οὐδὲν

56 2116 112 2205 τά,
135 2117 192 2188 άτε
210 2121 246 2188 έν
263 2114 524 2212 στεινοπόρηότε
540 2119 637 2211 χείρω
651 2119 831 2208 μαχόμενοι
847 2125 902 2191 καί
919 2120 1060 2206 δούρασι

55 2220 287 2306 βραχυτέροισι
301 2219 477 2307 χρεόμενοι
491 2217 575 2307 ἤπερ
591 2224 625 2287 οί
635 2217 802 2305 Ἕλληνες,
818 2222 873 2287 καὶ
888 2217 950 2286 οὐκ
966 2226 1061 2305 ἐχον-
1144 2208 1148 2227 ’

54 2343 106 2395 τες
118 2315 244 2404 πλήθει
251 2315 450 2403 χρήσασθαι.
470 2316 729 2402 Λακεδαιμόνιοι
742 2315 777 2383 δὲ
789 2313 948 2401 ἐμάχοντο
961 2311 1060 2394 ἀξίως

55 2414 170 2499 λόγου,
183 2411 267 2481 ἀλλα
277 2438 313 2479 τε
323 2410 603 2503 ἀποδεικνύμενοι
614 2416 650 2482 ἐν
661 2410 723 2480 οὐκ
735 2413 979 2496 ἐπισταμένοισι
993 2411 1059 2498 μά·

55 2520 174 2595 χεσθαι
200 2511 463 2596 ἐξεπιστάμενοι,
492 2515 547 2579 καί
567 2510 653 2589 ὅκως
676 2514 869 2595 ἐντρέψειαν
895 2508 935 2577 τά
957 2517 1058 2594 νῶτα,

54 2604 148 2686 ἁλέες
164 2607 353 2695 φεύγεσκον
370 2611 493 2695 δῆθεν,
519 2613 553 2676 ολ
568 2608 604 2676 δὲ
623 2608 789 2695 βάρβαροι
804 2604 955 2694 ὁρέοντες
972 2605 1059 2692 φεύ-

52 2730 174 2792 γοντας
184 2711 247 2794 βοή
262 2730 297 2772 τε
311 2706 366 2772 καὶ
381 2703 518 2796 πατάγῳ
532 2706 683 2792 ἐπήισαν,
699 2709 734 2773 οί
742 2700 774 2772 δ’
788 2699 833 2773 ἀν
846 2708 1058 2789 καταλαμβα-

52 2804 190 2891 νόμενοι
202 2803 414 2891 ὑπέστρεφον
424 2803 531 2874 ἀντίοι
543 2802 628 2874 εἶναι
639 2818 723 2873 τοῖσι
734 2803 945 2892 βαρβάροισι,
956 2828 1054 2888 μετα·
1111 2790 1119 2807 ⁶

52 2903 274 2991 στρεφόμενοι
298 2903 334 2971 δέ
353 2906 558 2991 κατέβαλλον
573 2903 698 2991 πλήθεϊ
716 2901 968 2990 ἀναριθμήτους
989 2907 1057 2968 τῶν

52 3004 225 3088 Περσέων·
253 3006 392 3071 ἔπιπτον
408 3004 519 3072 δὲκαὶ
535 3000 648 3072 αὐτῶν
667 3010 734 3070 τῶν
748 3004 986 3090 Σπαρτιητέων
1001 3003 1057 3068 ἐν-

52 3105 161 3167 θαῦτα
174 3096 288 3186 ὀλίγον.
303 3102 373 3170 ἐπεὶ
384 3102 419 3168 δὲ
429 3097 531 3169 οὐδέν
542 3102 698 3170 ἐδυνέατο
711 3107 918 3194 παραλαβεῖν
928 3104 961 3169 οἱ
967 3100 1055 3186 Πέρ-

51 3215 106 3277 σαι
121 3200 178 3281 τῆς
193 3196 313 3264 έσόδον
328 3197 539 3287 πειρεόμενοι
553 3203 609 3268 καὶ
623 3197 706 3267 κατὰ
720 3202 814 3269 τέλεα
826 3202 880 3268 καί
891 3202 1056 3274 παντοίως

49 3292 327 3382 προσβάλλοντες,
335 3294 533 3384 ἀπήλαυνον
542 3294 656 3365 ὀπίσω,
670 3294 723 3365 Ἐν
730 3297 869 3386 ταύτησι
876 3305 1051 3387 τήσιπροο-
1072 3313 1122 3366 21²

49 3392 157 3460 όδοισι
172 3398 230 3478 τῆς
249 3392 354 3479 μάχης
368 3397 496 3481 λέγεται
513 3399 652 3482 βασιλέα
669 3395 864 3481 θηεύμενον
883 3398 952 3481 τρίς
971 3392 1053 3462 ἀναἈ
