2378 3840
283 205 394 261 ’τισι
419 206 476 263 ιιι
510 206 609 264 οΑε.
638 212 813 269 ιον-ιιι.
977 205 1062 275 ‘207

54 360 178 451 φνγάν
192 367 338 432 έσεσθαι.
368 359 413 441 ὥς
432 363 498 449 γάρ
519 382 624 449 σφεας
644 363 735 433 εἶδον
755 368 1016 454 προσπλώοντας
1030 373 1065 441 οί

53 463 225 552 Ἕλληνες,
240 461 409 553 μαθόντες
420 460 533 530 αὐτῶν
544 459 607 549 τὴν
619 465 803 552 γινομένην
814 463 988 556 ἁμαρτάδα
1002 469 1063 536 ε’π·

56 566 258 649 αυαχθέντες
272 559 435 641 εὐπετέως
447 562 552 646 σφέας
568 557 667 630 εἷλον.
688 560 743 630 Ἐν
756 565 888 634 τούτων
898 574 957 656 μιῇ
975 564 1066 652 Ἀρί-
1080 578 1131 634 193

55 657 155 745 δὼλις
168 664 292 733 πλοίων
302 660 391 749 ἥλω,
406 659 574 748 τύραννος
584 659 801 749 Ἀλαβάνδων
811 672 879 736 τῶν
893 669 930 734 έν
940 672 1062 754 Καρίῃ,

54 768 92 834 ἐν
108 763 202 853 ἑτέρῃ
216 764 253 830 δὲ
267 758 285 830 ὁ
299 760 434 847 Πάφιος
448 756 632 845 στρατηγός
643 761 824 845 Πενθύλος
835 761 853 831 ό
865 763 1061 851 Δημονόου,

53 863 92 942 ὃς
102 856 163 949 ἦγε
178 862 240 949 μὲν
252 861 406 929 δυώδεκα
419 863 496 938 νέας
507 862 544 927 ἐκ
554 859 692 946 Πάφου,
708 858 889 950 ἀποβαλών
900 868 940 931 δέ
948 885 1062 951 σφεων

52 956 113 1037 τάς
129 962 248 1026 ’ἕνδεκα
262 963 307 1047 τῷ
320 963 458 1043 χειμῶνι
471 963 516 1046 τῷ
532 960 703 1048 γενομένῳ
718 956 801 1026 κατὰ
813 959 988 1047 Σηπιάδα,
1003 966 1063 1050 μιῇ

54 1065 94 1147 τῇ
108 1056 350 1144 περιγενομένῃ
364 1054 572 1123 καταπλοίων
588 1050 640 1121 ἐπ’
655 1051 862 1140 Ἀρτεμίσιον
877 1054 957 1142 ἥλω.
980 1056 1064 1123 τού-

53 1181 134 1232 τους
149 1158 183 1221 οί
190 1151 348 1238 Ἕλληνες
361 1150 632 1239 ἐξιστορήσαντες
641 1148 681 1218 τά
693 1151 874 1238 ἐβούλοντο
888 1156 1063 1223 πυθέσθαι

54 1246 121 1316 ἀπδ
144 1255 201 1334 τῆς
217 1252 345 1335 Ξέρξεω
360 1254 531 1335 στρατιῆς,
552 1245 788 1333 ἀποπέμπουσι
810 1254 1008 1337 δεδεμένους
1029 1255 1062 1330 ές

56 1343 115 1413 τδν
132 1351 328 1430 Κορινθίων
345 1346 479 1433 ἰσθμόν.

132 1439 168 1508 ‘0
182 1441 300 1528 μὲνδὴ
316 1441 474 1520 ναυτικὸς
485 1440 503 1509 δ
515 1444 779 1531 τῶνβαρβάρων
791 1444 941 1535 στρατός,
957 1447 1061 1535 πάρεξ
1076 1456 1130 1514 196

53 1548 122 1607 τῶν
135 1544 372 1608 πεντεκαίδεκα
393 1546 496 1625 νεῶν,
520 1546 588 1607 τῶν
606 1537 700 1608 είπον
716 1542 903 1611 Σανδώκεα
919 1565 1063 1631 στρατη-

52 1642 155 1725 γέειν,
171 1635 305 1707 ἀπίκετο
318 1641 350 1720 ές
360 1636 507 1722 Ἀφεταῖς.
530 1640 653 1724 Ξέρξης
665 1641 700 1706 δὲ
716 1635 804 1708 καλό
822 1640 919 1724 πεζός
934 1659 1063 1727 πορεν-
1116 1666 1119 1669 ·

52 1740 127 1814 θεὶς
144 1736 198 1804 διά
215 1743 397 1822 Θεσσαλίης
420 1740 475 1804 καὶ
490 1735 633 1823 Ἀχαιίης
654 1736 863 1826 ἐσβεβληκὼς
882 1735 928 1828 ἧν
948 1747 1004 1810 καί
1020 1741 1060 1830 δὴ

53 1847 198 1919 τριταῖος
215 1836 248 1911 ές
263 1837 429 1919 Μηλιέας,
451 1835 488 1899 έν
502 1840 668 1922 Θεσσαλίῃ
681 1836 744 1920 μὲν
759 1834 904 1921 ἅμιλλαν
917 1838 1062 1924 ποιησαί-

52 1961 155 2022 μευος
167 1936 280 2001 ἵππων
294 1940 363 2002 τῶν
378 1935 522 2020 ἑαυτοῦ,
540 1930 820 2023 ἀποπειρεόμενος
834 1941 890 2006 καί
903 1945 961 2026 τῆς
976 1948 1062 2009 Θεσ-

52 2039 168 2120 σαλίης
181 2037 304 2121 ἵππου,
320 2034 516 2122 πυθόμενος
528 2031 573 2114 ὡς
590 2033 708 2122 ἀρίστη
720 2045 771 2122 εἴη
782 2043 851 2111 τῶν
865 2035 1059 2127 ένἝλλησι·

52 2139 139 2200 ἔνθα
156 2129 197 2219 δὴ
215 2139 252 2202 αί
258 2131 445 2220 Ἑλληνίδες
459 2136 555 2201 ἵπποι
571 2135 740 2202 ἐλείποντο
756 2135 893 2206 πολλόν.
916 2147 985 2206 τῶν
998 2140 1061 2225 μέν

52 2262 119 2302 νυν
132 2237 169 2302 ἐν
184 2242 350 2324 Θεσσαλίη
369 2242 529 2322 ποταμῶν
545 2232 730 2322 Ὀνόχωνος
746 2243 872 2323 μοῦνος
895 2235 958 2307 οὐκ
978 2236 1062 2307 ἀπέ-

50 2353 153 2420 χρησε
163 2340 203 2422 τῃ
214 2341 351 2423 στρατιῇ
360 2333 397 2402 τδ
408 2337 553 2421 ῥέεθρον
564 2336 756 2423 πινόμενος,
763 2342 832 2404 τῶν
842 2338 880 2404 δὲ
889 2340 928 2405 ἐν
937 2333 1061 2426 Ἀχαιίῃ

51 2436 212 2516 ποταμῶν
227 2430 376 2516 ῥεόντων
390 2428 470 2499 οὐδὲ
485 2430 575 2510 ὅστις
591 2436 745 2518 μέγιστος
758 2430 872 2500 αὐτῶν
886 2435 952 2501 έστλ
964 2431 1061 2500 Ἠπι-

53 2525 172 2612 δαυδς,
188 2526 267 2595 οὐδὲ
283 2521 381 2607 οὗτος
398 2526 534 2614 ἀντέσχε
549 2536 579 2596 εί
589 2528 636 2623 μὴ
654 2531 822 2616 φλαύρως.
842 2527 894 2608 Ἐς
904 2528 1006 2598 Ἀλον
1024 2535 1061 2598 δὲ
1076 2548 1127 2603 197

51 2635 109 2712 τῆς
121 2623 263 2711 Ἀχαιίης
280 2622 470 2716 ἀπικομένῳ
486 2629 592 2714 Ξέρξῃ
607 2632 641 2695 οί
658 2625 881 2713 κατηγεμόνες
901 2633 960 2714 τῆς
975 2625 1058 2695 ὁδοῦ

50 2723 255 2810 βουλόμενοι
275 2720 311 2790 τό
328 2728 397 2790 πᾶν
412 2718 605 2809 ἐξηγέεσθαι
627 2725 744 2811 ἔλεγόν
759 2728 793 2793 οί
806 2724 984 2811 έπιχοόριον
997 2725 1059 2795 λό-

50 2848 132 2907 γον,
149 2817 191 2887 τά
205 2822 281 2906 περὶ
294 2817 332 2886 τό
349 2817 426 2907 ίρδν
439 2827 501 2888 τοῦ
514 2828 713 2908 Λαφυστίου
729 2820 831 2905 Διός,
848 2820 892 2901 ὡς
908 2819 1059 2908 Ἀθάμας

51 2919 205 2988 ὁΑίόλου
217 2917 444 3007 ἐμηχανήσατο
452 2922 564 3010 Φρίξῳ
575 2921 684 3007 μόρον
694 2918 760 2989 σόν
771 2920 852 2988 Ἰνοῖ
858 2920 1058 3008 βουλεύσας,

49 3021 239 3102 μετέπεισεν
253 3018 290 3084 δὲ
302 3013 346 3095 ὡς
361 3019 398 3084 ἐκ
411 3025 623 3104 θεοπροπίου
634 3016 756 3104 Ἀχαιολ
770 3028 958 3102 προτιθεῖσι
971 3031 1059 3086 τοῖσι

49 3120 183 3185 ἐκείνου
193 3112 391 3202 ἀπογόνοισι
402 3114 549 3198 ἀέθλους
558 3118 722 3189 τοιοάσδε.
738 3115 775 3196 ὃς
784 3113 828 3195 ἀν
838 3111 861 3206 ᾗ
870 3123 933 3185 τοῦ
943 3119 1058 3203 γένεος

47 3215 174 3282 τούτου
194 3216 421 3302 πρεσβύτατος
427 3271 437 3303 ,
462 3219 571 3312 τοότῃι
589 3219 799 3301 ἐπιτάξαντες
818 3223 977 3306 ἔργεσθαι
995 3226 1057 3286 τοῦ

44 3325 162 3404 ληίτου
188 3311 286 3381 αὐτοὶ
310 3314 464 3402 φυλακάς
488 3322 600 3402 έχουσι
624 3313 754 3404 (λήίτον
780 3315 818 3384 δέ
841 3319 997 3386 καλέουσι
1017 3317 1056 3386 τό

40 3411 254 3505 πρυτανήιον
277 3418 314 3482 ολ
330 3410 488 3506 Ἀχαιοί),
506 3411 555 3504 ἢν
572 3416 611 3485 δέ
628 3417 776 3506 ἐσέλθῃ,
796 3414 864 3485 οόκ
887 3423 962 3485 ἔστι
975 3415 1081 3487 (βασις
