2378 3840
315 200 401 257 ΗΒ.
434 200 491 255 VII.
526 198 624 255 CAP.
656 199 831 258 101-102
1018 194 1079 256 165

72 385 109 446 γε
126 363 255 447 δίζημαι
269 368 373 428 είκοσι
390 354 475 424 εἶναι
491 353 666 434 ἀντάξιον·
694 356 749 421 καὶ
765 351 853 422 οὕτω
870 356 932 440 μέν
947 351 1076 441 ὀρθοῖτ’

73 455 117 523 ἀν
131 453 148 525 ό
164 457 263 543 λόγος
278 453 296 523 ό
311 451 401 541 παρὰ
419 459 480 520 σεῦ
496 454 676 539 εἰρημένος.
701 456 732 518 εί
745 451 781 519 δέ
795 458 943 519 τοιοῦτοί
952 477 988 518 τε
1002 449 1077 518 ἐόν-

72 579 124 632 τες
135 556 190 621 καὶ
201 552 352 640 μεγάθεα
363 556 528 636 τοσοῦτοι,
543 547 617 618 ὅσοι
630 549 673 615 σό
684 573 719 616 τε
730 550 786 616 καὶ
797 555 832 617 οδ
839 546 918 636 παρ’
932 551 988 636 ἐμὲ
1000 575 1078 635 φοι·

70 645 394 738 τέουσιἘλλήνωνές
404 647 539 734 λόγους,
551 647 684 736 αὐχέετε
694 655 845 736 τοσοῦτο,
860 648 934 737 όρα,
952 647 996 736 μὴ
1012 650 1078 736 μά-

70 777 132 836 την
148 749 274 836 κόμπος
289 747 307 817 ό
320 748 419 835 λόγος
433 740 561 828 οὖτοςὸ
575 749 747 834 εἰρημένος
759 757 818 834 είη.
842 750 911 816 ἐπεὶ
922 752 1004 835 φέρε
1016 753 1076 817 ἴδω

71 851 169 916 παντὶ
184 855 230 939 τῷ
248 847 369 917 οίκότι·
392 857 460 930 κως
477 836 520 914 ἀν
534 853 693 915 δυναίατο
707 852 806 932 χίλιοι
819 842 841 934 ἢ
855 848 912 915 καὶ
925 840 1075 933 μόριοιῆ

72 948 126 1015 καὶ
139 946 431 1034 πεντακισμύριοι,
449 946 560 1023 έόντες
574 970 613 1029 γε
627 943 802 1029 έλεόθεροι
818 942 941 1022 πάντες
955 939 1076 1028 ὁμοίως

71 1047 127 1113 καὶ
143 1042 187 1132 μὴ
205 1041 265 1112 ὑπ’
284 1041 567 1130 ένόςΙάρχόμενοι,
582 1050 711 1134 στρατηόΙ
726 1046 850 1134 τοσῷδε
865 1039 1073 1128 ἀντιστῆναις

72 1145 145 1211 ε’πεί
152 1167 204 1210 τοι
214 1149 356 1221 πλεῦνες
366 1144 441 1231 περὶ
454 1145 514 1211 ἕνα
524 1144 666 1211 ἕκαστον
679 1143 845 1229 γινόμεθα
856 1139 985 1228 ἦχίλιοι
997 1140 1073 1210 έόν-

71 1266 140 1309 των
155 1242 293 1311 ἐκείνων
305 1247 404 1314 πέντε
416 1241 584 1328 χιλιάδων.
605 1237 672 1309 ὑπὸ
686 1241 750 1328 μέν
762 1237 827 1328 γάρ
843 1237 918 1317 ἑνός
933 1235 1074 1326 ἀρχόμε-

72 1365 126 1405 νοι
141 1335 224 1406 κατά
239 1338 367 1428 τρόπον
378 1338 439 1408 τόν
452 1337 615 1427 ἡμέτερον
628 1337 771 1427 γενοίατ’
788 1335 833 1407 ἀν
850 1343 1075 1424 δειμαίνοντες

69 1445 191 1505 τοῦτον
204 1440 260 1519 καί
272 1437 365 1525 παρὰ
377 1437 440 1525 την
451 1441 586 1507 ἑωυτῶν
601 1436 707 1525 φάσιν
721 1434 905 1523 ἀμείνονες,
921 1437 975 1504 καὶ
991 1444 1075 1503 ίοιεν

70 1535 332 1627 ἀναγκαζόμενοι
359 1536 493 1626 μάστιγι
518 1539 552 1616 ές
576 1545 723 1616 πλεῦνας
750 1537 927 1616 ἐλάσσονες
953 1535 1073 1624 ἐόντες,

70 1634 239 1723 ἀνειμένοι
249 1638 286 1704 δέ
296 1638 329 1714 ές
340 1632 377 1704 τό
389 1636 574 1720 έλεόθερον
588 1634 650 1704 οόκ
661 1632 705 1704 ἀν
715 1639 863 1705 ποιέοιεν
873 1635 1003 1704 τούτων
1014 1632 1075 1701 οό-

69 1741 194 1825 δέτερα.
218 1739 323 1806 δοκέω
340 1739 376 1805 δέ
396 1743 500 1823 έγωγε
516 1741 571 1804 καλ
588 1734 817 1816 ἀνισωθέντας
836 1736 962 1822 πλήθει
977 1744 1075 1822 χαλε-

67 1842 139 1914 πῶς
149 1831 192 1903 ἀν
200 1833 361 1921 Ἕλληνας
372 1837 521 1922 Πέρσησι
531 1835 688 1920 μούνοισι
698 1834 873 1921 μάχεσθαι.
896 1832 979 1903 ἀλλά
992 1833 1071 1919 παρ’

67 1931 149 2020 ἡμῖν
162 1932 262 2001 τοῦτό
278 1935 361 2018 ἐστι,
379 1930 417 2000 τὸ
429 1929 472 2000 σά
484 1935 601 2018 λέγεις,
620 1938 688 2000 ἔστι
702 1959 741 2018 γε
754 1938 870 2020 με’ντοι
880 1930 922 2000 οὐ
935 1929 1074 2016 πολλόν,

68 2027 154 2100 ἀλλά
169 2030 322 2099 σπάνιον.
347 2034 407 2099 είσδ
422 2029 488 2116 γάρ
503 2034 662 2118 Περσέων
671 2039 740 2099 τάν
754 2033 843 2118 έμοῐν
858 2032 1074 2119 αἰχμοφόρων

68 2129 314 2215 οἳέθελήσουσι
330 2126 500 2216 Ἑλλήνων
520 2127 663 2216 ἀνδράσι
684 2131 772 2217 τρισί
792 2128 878 2216 ὁμοῦ
898 2128 1073 2216 μάχεσθαι,

67 2233 136 2293 τῶν
152 2222 195 2292 σά
209 2223 274 2292 ἐάν
288 2223 425 2313 ἀπειρος
441 2224 547 2318 πολλά
563 2230 749 2314 φλυηρέεις.
778 2225 871 2314 Πρὸς
886 2235 988 2295 ταῦτα
1000 2237 1074 2312 Δη-
1092 2247 1138 2299 ισλ

67 2322 213 2409 μόριμος
224 2327 328 2408 λέγει·
344 2317 384 2391 Ὦ
396 2331 545 2412 βασιλεῦ,
557 2321 707 2410 ἀρχῆθεν
716 2319 919 2412 ἠπιστάμην,
929 2323 979 2393 ότι
991 2321 1074 2407 ἀλη-

66 2429 145 2510 θείη
160 2421 337 2508 χρεόμενος
352 2421 394 2492 οὐ
412 2430 493 2509 φίλα
508 2450 559 2494 τοι
574 2425 672 2510 ἐρέω,
689 2420 733 2492 σό
748 2426 785 2492 δὲ
796 2427 867 2493 έπεδ
880 2421 1072 2514 ἠνάγκασας

67 2523 178 2607 λέγειν’
193 2528 260 2589 τάν
277 2522 388 2607 λόγων
402 2521 481 2602 τούς
496 2521 761 2609 ἀληθεστάτους,
783 2527 899 2609 ἔλεγον
913 2521 953 2590 τό
971 2522 1072 2608 κατή-

66 2645 169 2688 κοντα
181 2620 418 2709 Σπαρτιήτησι.
441 2628 549 2690 καίτοι
565 2620 609 2699 ὡς
624 2617 688 2706 έγά
699 2621 854 2706 τυγχάνω
865 2618 905 2689 τά
918 2628 983 2688 νῦν
993 2621 1072 2689 τάδε

66 2715 230 2803 έστοργάς
248 2719 413 2806 ἐκείνους,
429 2716 529 2797 αὐτὸς
544 2719 686 2805 μάλιστα
701 2721 898 2805 ἐξεπίστεαι,
921 2722 955 2786 οἵ
966 2744 1007 2805 με
1022 2745 1072 2784 τι-

66 2817 136 2904 μήν
150 2841 186 2882 τε
201 2817 255 2882 καὶ
264 2817 364 2902 γέρεα
375 2813 576 2903 ἀπελόμενοι
594 2816 743 2904 πατριάια
757 2817 879 2885 ἀπολίν
891 2844 928 2885 τε
938 2820 993 2885 καὶ
1005 2842 1072 2901 φυ-

65 2916 153 3001 γάδα
170 2914 385 3000 πεποιήκασι,
400 2913 509 3002 πατὴρ
524 2919 560 2983 δὲ
576 2913 594 2983 ὁ
611 2912 669 2995 σός
684 2914 932 3002 ὑποδεξάμενος
948 2922 1024 3000 βίον
1038 2915 1074 2984 τέ

66 3041 124 3102 μοι
139 3017 194 3090 καλ<
208 3013 303 3081 οἷκον
318 3015 450 3082 δέδωκε.
471 3011 533 3082 οὐκ
549 3007 597 3081 οἷν
614 3015 704 3092 οίκός
721 3017 789 3082 ἐστι
805 3011 913 3100 ἀνδρα
927 3011 987 3080 τὸν
1004 3009 1072 3089 σά-

66 3141 178 3202 φρονα
197 3112 334 3182 εὔνοιαν
349 3118 558 3201 φαινομένην
575 3118 796 3200 διωθέεσθαι,
822 3109 907 3180 ἀλλά
923 3112 1072 3195 στέργειν
1168 3125 1169 3129 ’

65 3214 216 3298 μάλιστα.
241 3209 305 3297 ἐγω
318 3213 354 3280 δέ
368 3209 446 3279 οὔτε
458 3214 537 3278 δέκα
552 3209 695 3297 ἀνδράσι
707 3211 887 3296 ὑπίσχομαι
897 3204 966 3285 οἷός
980 3233 1014 3274 τε
1026 3203 1070 3272 εῖ-

66 3339 123 3380 ναι
137 3311 303 3398 μόχεσθαι
318 3310 397 3378 οὔτε
413 3316 533 3397 δυοῖσι,
550 3311 636 3379 έκόν
646 3333 681 3378 τε
694 3309 779 3378 εἶναι
795 3303 869 3375 οὐδ’
886 3301 930 3373 ἀν
944 3328 1072 3391 μουνο-

68 3415 225 3500 μαχέοιμι.
258 3416 288 3478 εί
304 3411 340 3479 δέ
361 3408 524 3496 ἀναγκαίη
546 3405 632 3497 εἴηῆ
652 3411 754 3496 μέγας
770 3433 819 3486 τις
840 3404 857 3474 ὁ
877 3402 1071 3490 έποτρόνωυ
