2378 3840
305 173 391 230 LIB.
423 171 483 228 vn.
516 171 615 229 cAP.
650 176 823 236 161-166.
1009 175 1072 237 193
1169 240 1172 244 ,

59 360 161 424 μενος
177 329 268 418 παρὰ
282 329 407 419 πατρὸς
420 328 483 417 τήν
497 335 681 413 τυραννίδα
692 331 802 421 Κρέων
818 328 858 403 εά
871 344 1068 425 βεβηκυῖαν,

61 431 149 501 ἐπάν
161 457 197 500 τε
212 429 296 500 εἶναι
310 430 366 498 καὶ
377 434 492 497 δεινοῦ
507 425 659 506 ἐπιόντος
671 427 822 519 ούδενδς,
844 431 919 502 ἀλλ’
935 432 1068 504 &2:661-

61 530 261 616 καιοσύνης,
284 532 317 608 ές
330 532 434 615 μέσον
448 525 576 617 Κῴοισι
591 531 748 606 καταθεὶς
764 526 823 620 τήν
841 529 947 619 ἀρχὴν
962 543 1069 619 οίχετο

61 632 94 708 ές
109 633 287 714 Σικελίην,
312 633 398 696 ἔνθα
418 621 500 713 μετά
516 631 657 712 Σαμίων
677 631 750 711 ἔσχε
766 653 803 696 τε
823 633 878 698 καὶ
892 638 1069 719 κατοίκησε
1152 661 1155 665 ·

59 726 162 795 πόλιν
174 725 332 811 Ζάγκλην
352 721 414 811 τήν
429 727 462 801 ές
475 723 663 810 Μεσσήνην
679 733 934 812 μεταβαλοῦσαν
951 727 988 797 τδ
1007 727 1070 798 ού-

60 851 157 911 νομα.
174 829 296 892 τοῦτον
307 819 348 909 δή
360 819 378 890 ὁ
389 826 505 892 Γέλων
515 818 576 888 τδν
585 821 726 907 Κάδμον
737 824 793 891 καὶ
802 825 944 918 τοιούτῳ
954 825 1070 915 τρόπῳ

60 923 268 1010 ἀπικόμενον
282 919 338 990 διά
353 921 589 1009 δικαιοσύνην,
605 919 668 1008 τήν
682 926 716 997 οί
728 919 829 1003 αύτὸς
843 921 949 1011 ἀλλην
962 927 1070 1014 συνή-

61 1029 116 1090 δεε
131 1025 272 1107 έοῦσαν,
289 1025 427 1106 ἔπεμπε·
447 1015 484 1098 δς
498 1021 552 1087 ἐπὶ
564 1033 649 1086 τοῖσι
664 1016 796 1088 ἀλλοισι
811 1025 969 1090 δικαίοισι
983 1037 1070 1090 τοῖσι

61 1125 94 1200 ἐξ
109 1124 237 1187 ἑωυτοῦ
254 1119 486 1204 ἐργασμένοισι
503 1119 558 1185 καὶ
573 1117 650 1184 τάδε
671 1114 734 1184 ούκ
750 1117 924 1204 ἐλάχιστον
939 1120 1070 1188 τούτων

61 1222 207 1286 ἐλίπετο·
229 1214 395 1303 κρατήσας
410 1212 476 1302 γάρ
492 1215 648 1302 μεγάλων
662 1215 857 1306 χρημάτων,
873 1226 941 1286 τῶν
958 1223 991 1287 οί
1005 1222 1070 1288 Γέ-

62 1328 131 1387 λων
146 1315 357 1403 ἐπετράπετο,
372 1314 502 1403 παρεὸν
514 1319 737 1402 κατασχέσθαι
748 1314 811 1387 ούκ
820 1315 977 1407 ἠθέλησε,
992 1318 1067 1389 ἀλλ’

62 1416 132 1485 έπελ
151 1417 186 1482 οί
198 1414 354 1500 Ἕλληνες
374 1414 604 1498 ἐπεκράτησαν
625 1422 665 1503 τῇ
686 1422 853 1504 ναυμαχίη
873 1420 928 1486 καλ
947 1419 1067 1504 Ξέρξης

62 1514 198 1602 οίχύκεε
213 1510 430 1598 ἀπελαύνων,
452 1513 508 1580 καί
529 1507 570 1597 δή
587 1515 642 1578 καί
657 1515 782 1589 ἐκεῖνος
799 1511 935 1582 ἀπίκετο
957 1518 991 1594 ές
1007 1514 1069 1602 τήν
1171 1593 1174 1597 ⁴

63 1618 222 1698 Σικελίην
237 1609 368 1679 ἅπαντα
380 1607 420 1678 τά
430 1609 581 1696 χρήματα
596 1606 699 1694 ἀγων.
724 1612 865 1693 Λέγεται
879 1614 916 1681 δέ
927 1615 982 1680 καὶ
993 1613 1071 1682 τάδε
1087 1631 1142 1685 165

64 1708 130 1777 ὑπδ
145 1716 214 1776 τάν
225 1710 263 1776 έν
273 1713 412 1794 Σικελίη
426 1709 624 1791 οἰκημένων,
642 1703 687 1784 ὡς
698 1704 789 1794 ὅμως
800 1710 855 1776 καὶ
866 1713 997 1796 μέλλων
1008 1710 1071 1794 ἀρ-

62 1816 182 1894 χεσθαι
197 1801 263 1872 ὑπὸ
277 1809 554 1889 Λακεδαιμονίων
574 1801 593 1871 ὁ
608 1807 724 1872 Γέλων
750 1803 901 1891 έβύθησε
927 1804 970 1875 ἀν
985 1822 1070 1876 τοῖσι

64 1902 210 1991 Ἕλλησι,
224 1906 254 1970 εί
263 1900 306 1989 μή
320 1899 387 1969 ὑπὸ
401 1899 561 1988 Θήρωνος
573 1907 635 1992 τού
641 1903 875 1989 Αἰνησιδήμου
886 1903 1071 1991 Ἀκραγαν-

61 2012 165 2073 τίνων
178 1999 373 2089 μουνάρχου
394 2001 560 2080 ἐξελαθεὶς
573 2003 607 2081 έξ
623 1997 751 2088 Ἱμέρης
771 2001 932 2089 Τήριλλος
947 1999 965 2070 ὁ
984 2010 1071 2090 Κρι-

64 2111 189 2173 νίπτιον
202 2098 369 2188 τύραννος
383 2095 450 2167 έδν
459 2096 585 2185 Ἱμέρης
602 2101 704 2186 έπήγε
719 2096 778 2168 ὑπ’
796 2097 902 2168 αύτόν
915 2098 976 2168 τδν
989 2099 1072 2188 χρύ-

64 2228 125 2269 νον
135 2206 257 2268 τούτου
264 2203 434 2267 Φοινίκων
444 2196 645 2284 καλΛιβύων
655 2200 710 2266 καὶ
721 2193 859 2285 Ἰβήρων
870 2200 1072 2284 καλΛιγύων

63 2302 117 2370 καλ
134 2297 320 2368 Ἐλισύκων
339 2301 394 2365 καλ
414 2299 615 2416 Σαρδονίων
635 2295 692 2362 καί
708 2300 869 2379 Κυρνίων
889 2292 1071 2382 τριήκοντα

63 2397 228 2486 μυριάδας
243 2399 298 2464 καλ
316 2391 503 2482 στρατηγὸν
517 2390 631 2461 αὐτῶν
640 2389 848 2478 Ἀμίλκαν
813 2418 875 2461 τον
885 2390 1069 2476 Ἄννωνος,

63 2500 258 2592 Καρχηδονί
257 2520 305 2561 ων
243 2493 414 2562 ίέύντα
424 2494 582 2578 βασιλέα,
589 2517 673 2559 κατα
660 2486 769 2570 ξεινί
767 2516 811 2575 ην
821 2516 856 2558 τε
867 2488 929 2576 τήν
941 2493 1071 2559 ἑωυτοῦ

63 2625 81 2664 ο
69 2589 263 2680 ’Τήριλλος
277 2586 492 2676 ἀναγνωσας,
510 2615 565 2656 και
552 2588 723 2713 μάλιστα
738 2584 793 2654 διά
814 2584 876 2675 τήν
894 2586 1071 2670 Ἀναξίλεω

61 2723 124 2766 του
108 2698 311 2780 Κρητίνεω
328 2685 575 2777 προθυμίην,
562 2687 599 2768 δς
612 2687 744 2775 Ῥηγίου
765 2684 888 2756 έων’
846 2715 1012 2777 τυραννος
1028 2691 1069 2760 τά

63 2803 191 2868 εωυτον
177 2793 301 2859 τέκνα
312 2785 419 2869 δούςρ
404 2788 554 2877 ομήρονς
564 2785 700 2878 Ἀμίλκα
715 2790 816 2874 ἐπῆγε
830 2786 930 2856 ἐπὶ
894 2815 957 2877 την
967 2799 1072 2858 Σικε-

63 2900 139 2980 λίην
152 2892 370 2980 τιμωρέων
339 2913 384 2956 τω
403 2893 569 2978 πενθερῷ.
608 2890 774 2972 Τηρίλλου
789 2883 854 2972 γάρ
877 2883 942 2971 εἶχε
957 2896 1071 2971 θυγα-

62 2996 141 3114 τέρα
157 2987 366 3074 Ἀναξίλεως,
386 2992 428 3076 τή
442 2983 572 3071 ούνομα
585 2977 629 3071 ἦν
644 2986 813 3068 Κυδίππη.
843 2980 932 3049 οὕτω
948 2980 988 3067 δή
1007 2981 1070 3049 οὐκ

62 3085 137 3157 οἷόν
158 3113 193 3154 τε
217 3084 402 3174 γενόμενον
426 3083 570 3169 βωθέειν
600 3080 661 3152 τόν
681 3083 817 3150 Γέλωνα
838 3095 924 3149 τοῖσι
935 3077 1070 3168 Ελλησι

63 3187 272 3273 ἀποπέμπειν
285 3187 318 3264 ές
333 3180 493 3270 Δελφούς
509 3181 549 3250 τά
569 3182 728 3270 χρήματα.
761 3175 855 3263 Πρὸς
869 3178 905 3246 δὲ
923 3181 979 3246 καί
991 3179 1071 3247 τάδε
1090 3197 1143 3251 [66

61 3288 215 3370 λέγουσι,
239 3278 283 3361 ὡς
299 3286 424 3371 συνέβη
438 3288 496 3369 τῆς
517 3277 619 3368 αύτής
635 3275 760 3366 ἡμέρης
776 3283 813 3346 ἒν
827 3302 863 3344 τε
877 3283 917 3367 τῇ
930 3282 1070 3364 Σικελίη

63 3388 199 3455 Γέλωνα
209 3379 415 3468 καὶΘήρωνα
426 3376 692 3467 νικύνἉμίλκαν
702 3372 1072 3463 τδνΚαρχηδάνιονκαὶ
1090 3396 1132 3626 Ι

147 3492 245 3531 annon.
268 3477 299 3530 H.
897 3473 931 3528 13
