<?xml version="1.0" encoding="UTF-8"?>
<!DOCTYPE html PUBLIC "-//W3C//DTD XHTML 1.0 Transitional//EN"
    "http://www.w3.org/TR/xhtml1/DTD/xhtml1-transitional.dtd">
<html xmlns="http://www.w3.org/1999/xhtml" xml:lang="en" lang="en">
 <head>
  <title>
</title>
<meta http-equiv="Content-Type" content="text/html;charset=utf-8" />
  <meta name='ocr-system' content='tesseract 3.04.00' />
  <meta name='ocr-capabilities' content='ocr_page ocr_carea ocr_par ocr_line ocrx_word'/>
</head>
<body>
  <div class='ocr_page' id='page_1' title='image "./herodotihistori01herogoog_0171.png"; bbox 0 0 2378 3840; ppageno 0'>
   <div class='ocr_carea' id='block_1_1' title="bbox 139 163 764 229">
    <p class='ocr_par' dir='ltr' id='par_1_1' title="bbox 139 163 764 229">
     <span class='ocr_line' id='line_1_1' title="bbox 139 163 764 229; baseline -0.01 0"><span class='ocrx_word' id='word_1_1' title='bbox 139 163 203 229; x_wconf 78' lang='lat'><strong><em>148</em></strong></span> <span class='ocrx_word' id='word_1_2' title='bbox 514 166 764 225; x_wconf 84' lang='lat' dir='ltr'>HERODOTI</span> 
     </span>
    </p>
   </div>
   <div class='ocr_carea' id='block_1_2' title="bbox 85 321 1143 3457">
    <p class='ocr_par' dir='ltr' id='par_1_2' title="bbox 85 321 1143 3457">
     <span class='ocr_line' id='line_1_2' title="bbox 137 321 1142 412; baseline -0.003 -16"><span class='ocrx_word' id='word_1_3' title='bbox 137 336 201 397; x_wconf 99' lang='grc' dir='ltr'><strong><em>λον</em></strong></span> <span class='ocrx_word' id='word_1_4' title='bbox 214 322 236 412; x_wconf 77' lang='grc' dir='ltr'><em>ἢ</em></span> <span class='ocrx_word' id='word_1_5' title='bbox 251 332 319 394; x_wconf 84' lang='grc' dir='ltr'><strong><em>πᾶν</em></strong></span> <span class='ocrx_word' id='word_1_6' title='bbox 332 332 440 412; x_wconf 78' lang='grc' dir='ltr'><strong><em>χρῆμα</em></strong></span> <span class='ocrx_word' id='word_1_7' title='bbox 450 328 729 411; x_wconf 75' lang='grc' dir='ltr'><em>προδειμαίνοντα</em></span> <span class='ocrx_word' id='word_1_8' title='bbox 744 321 879 412; x_wconf 86' lang='grc' dir='ltr'><strong><em>μηδαμά</em></strong></span> <span class='ocrx_word' id='word_1_9' title='bbox 892 323 998 411; x_wconf 73' lang='grc' dir='ltr'><strong><em>μηδὲν</em></strong></span> <span class='ocrx_word' id='word_1_10' title='bbox 1008 333 1142 393; x_wconf 75' lang='grc' dir='ltr'><strong><em>παθεῖν.</em></strong></span> 
     </span>
     <span class='ocr_line' id='line_1_3' title="bbox 139 420 1142 514; baseline -0.001 -20"><span class='ocrx_word' id='word_1_11' title='bbox 139 431 170 494; x_wconf 90' lang='grc' dir='ltr'><strong><em>εί</em></strong></span> <span class='ocrx_word' id='word_1_12' title='bbox 183 429 219 493; x_wconf 76' lang='grc' dir='ltr'><strong><em>δὲ</em></strong></span> <span class='ocrx_word' id='word_1_13' title='bbox 234 428 349 512; x_wconf 77' lang='grc' dir='ltr'><strong><em>ἐρίζων</em></strong></span> <span class='ocrx_word' id='word_1_14' title='bbox 365 420 449 510; x_wconf 86' lang='grc' dir='ltr'><strong><em>πρὸς</em></strong></span> <span class='ocrx_word' id='word_1_15' title='bbox 462 422 578 495; x_wconf 80' lang='grc' dir='ltr'><strong><em>πάντά·</em></strong></span> <span class='ocrx_word' id='word_1_16' title='bbox 591 426 775 512; x_wconf 87' lang='grc' dir='ltr'><strong><em>λεγόμενον</em></strong></span> <span class='ocrx_word' id='word_1_17' title='bbox 788 421 833 511; x_wconf 79' lang='grc' dir='ltr'><strong><em>μη</em></strong></span> <span class='ocrx_word' id='word_1_18' title='bbox 849 422 886 493; x_wconf 87' lang='grc' dir='ltr'><strong><em>τό</em></strong></span> <span class='ocrx_word' id='word_1_19' title='bbox 905 427 1042 514; x_wconf 84' lang='grc' dir='ltr'><strong><em>βέβαιον</em></strong></span> <span class='ocrx_word' id='word_1_20' title='bbox 1058 421 1142 494; x_wconf 76' lang='grc' dir='ltr'><strong><em>ἀπο·</em></strong></span> 
     </span>
     <span class='ocr_line' id='line_1_4' title="bbox 138 518 1143 609; baseline -0.003 -18"><span class='ocrx_word' id='word_1_21' title='bbox 138 526 251 608; x_wconf 78' lang='grc' dir='ltr'><strong><em>δόξεις,</em></strong></span> <span class='ocrx_word' id='word_1_22' title='bbox 263 521 474 608; x_wconf 88' lang='grc' dir='ltr'><strong><em>σφάλλεσθαι</em></strong></span> <span class='ocrx_word' id='word_1_23' title='bbox 485 518 631 608; x_wconf 82' lang='grc' dir='ltr'><strong><em>ὀφείλεις</em></strong></span> <span class='ocrx_word' id='word_1_24' title='bbox 641 524 678 590; x_wconf 85' lang='grc' dir='ltr'><strong><em>ἐν</em></strong></span> <span class='ocrx_word' id='word_1_25' title='bbox 690 519 819 591; x_wconf 78' lang='grc' dir='ltr'><strong><em>αὐτοῖσι</em></strong></span> <span class='ocrx_word' id='word_1_26' title='bbox 830 518 954 609; x_wconf 90' lang='grc' dir='ltr'><strong><em>ὁμοίως</em></strong></span> <span class='ocrx_word' id='word_1_27' title='bbox 964 523 1020 591; x_wconf 77' lang='grc' dir='ltr'><strong><em>καὶ</em></strong></span> <span class='ocrx_word' id='word_1_28' title='bbox 1030 518 1143 590; x_wconf 77' lang='grc' dir='ltr'><strong><em>ὁδπε-</em></strong></span> 
     </span>
     <span class='ocr_line' id='line_1_5' title="bbox 137 613 1143 704; baseline -0.005 -15"><span class='ocrx_word' id='word_1_29' title='bbox 137 627 255 689; x_wconf 90' lang='grc' dir='ltr'><strong><em>ναντία</em></strong></span> <span class='ocrx_word' id='word_1_30' title='bbox 265 618 414 687; x_wconf 88' lang='grc' dir='ltr'><strong><em>τούτοισι</em></strong></span> <span class='ocrx_word' id='word_1_31' title='bbox 428 622 529 698; x_wconf 81' lang='grc' dir='ltr'><strong><em>λέξας.</em></strong></span> <span class='ocrx_word' id='word_1_32' title='bbox 546 625 644 687; x_wconf 86' lang='grc' dir='ltr'><strong><em>τοῦτο</em></strong></span> <span class='ocrx_word' id='word_1_33' title='bbox 656 623 718 704; x_wconf 90' lang='grc' dir='ltr'><strong><em>μέν</em></strong></span> <span class='ocrx_word' id='word_1_34' title='bbox 729 643 795 687; x_wconf 88' lang='grc' dir='ltr'><strong><em>νυν</em></strong></span> <span class='ocrx_word' id='word_1_35' title='bbox 805 613 859 685; x_wconf 86' lang='grc' dir='ltr'><strong><em>ἐπ’</em></strong></span> <span class='ocrx_word' id='word_1_36' title='bbox 874 625 947 703; x_wconf 86' lang='grc' dir='ltr'><strong><em>ίσης</em></strong></span> <span class='ocrx_word' id='word_1_37' title='bbox 958 621 1039 703; x_wconf 70' lang='grc' dir='ltr'><strong><em>ἔχει·</em></strong></span> <span class='ocrx_word' id='word_1_38' title='bbox 1058 621 1143 686; x_wconf 81' lang='grc' dir='ltr'><strong><em>εἰδέ-</em></strong></span> 
     </span>
     <span class='ocr_line' id='line_1_6' title="bbox 137 712 1143 803; baseline -0.007 -17"><span class='ocrx_word' id='word_1_39' title='bbox 137 745 194 786; x_wconf 92' lang='grc' dir='ltr'><strong><em>ναι</em></strong></span> <span class='ocrx_word' id='word_1_40' title='bbox 210 717 246 784; x_wconf 76' lang='grc' dir='ltr'><strong><em>δέ</em></strong></span> <span class='ocrx_word' id='word_1_41' title='bbox 260 715 445 800; x_wconf 86' lang='grc' dir='ltr'><strong><em>ἀνθρωπου</em></strong></span> <span class='ocrx_word' id='word_1_42' title='bbox 461 716 558 786; x_wconf 90' lang='grc' dir='ltr'><strong><em>ἐόντα</em></strong></span> <span class='ocrx_word' id='word_1_43' title='bbox 573 723 639 795; x_wconf 78' lang='grc' dir='ltr'><strong><em>πῶς</em></strong></span> <span class='ocrx_word' id='word_1_44' title='bbox 654 713 715 803; x_wconf 77' lang='grc' dir='ltr'><strong><em>χρὴ</em></strong></span> <span class='ocrx_word' id='word_1_45' title='bbox 730 713 768 785; x_wconf 85' lang='grc' dir='ltr'><strong><em>τό</em></strong></span> <span class='ocrx_word' id='word_1_46' title='bbox 784 716 940 803; x_wconf 78' lang='grc' dir='ltr'><strong><em>βέβαιονς</em></strong></span> <span class='ocrx_word' id='word_1_47' title='bbox 961 712 1068 782; x_wconf 86' lang='grc' dir='ltr'><strong><em>δοκέω</em></strong></span> <span class='ocrx_word' id='word_1_48' title='bbox 1081 713 1143 799; x_wconf 78' lang='grc' dir='ltr'><strong><em>μὲν</em></strong></span> 
     </span>
     <span class='ocr_line' id='line_1_7' title="bbox 138 807 1143 900; baseline -0.006 -17"><span class='ocrx_word' id='word_1_49' title='bbox 138 812 302 900; x_wconf 81' lang='grc' dir='ltr'><strong><em>οὐδαμῶς.</em></strong></span> <span class='ocrx_word' id='word_1_50' title='bbox 325 829 410 885; x_wconf 82' lang='grc' dir='ltr'><strong><em>τοῖσι</em></strong></span> <span class='ocrx_word' id='word_1_51' title='bbox 424 822 541 882; x_wconf 84' lang='grc' dir='ltr'><strong><em>τοίνυν</em></strong></span> <span class='ocrx_word' id='word_1_52' title='bbox 555 815 791 900; x_wconf 73' lang='grc' dir='ltr'><strong><em>βυυλομάνυισι</em></strong></span> <span class='ocrx_word' id='word_1_53' title='bbox 811 813 937 893; x_wconf 72' lang='grc' dir='ltr'><strong><em>ποιέειν</em></strong></span> <span class='ocrx_word' id='word_1_54' title='bbox 955 807 999 890; x_wconf 77' lang='grc' dir='ltr'><strong><em>ἀς</em></strong></span> <span class='ocrx_word' id='word_1_55' title='bbox 1015 807 1052 879; x_wconf 85' lang='grc' dir='ltr'><strong><em>τό</em></strong></span> <span class='ocrx_word' id='word_1_56' title='bbox 1070 815 1143 879; x_wconf 85' lang='grc' dir='ltr'><strong><em>ἐπί-</em></strong></span> 
     </span>
     <span class='ocr_line' id='line_1_8' title="bbox 138 906 1143 997; baseline -0.006 -17"><span class='ocrx_word' id='word_1_57' title='bbox 138 938 207 980; x_wconf 91' lang='grc' dir='ltr'><strong><em>παν</em></strong></span> <span class='ocrx_word' id='word_1_58' title='bbox 223 913 330 997; x_wconf 78' lang='grc' dir='ltr'><strong><em>φιλέει</em></strong></span> <span class='ocrx_word' id='word_1_59' title='bbox 345 917 499 997; x_wconf 88' lang='grc' dir='ltr'><strong><em>γίνεσθαι</em></strong></span> <span class='ocrx_word' id='word_1_60' title='bbox 513 906 554 978; x_wconf 86' lang='grc' dir='ltr'><strong><em>τά</em></strong></span> <span class='ocrx_word' id='word_1_61' title='bbox 571 912 708 996; x_wconf 78' lang='grc' dir='ltr'><strong><em>κέρδεα,</em></strong></span> <span class='ocrx_word' id='word_1_62' title='bbox 731 923 815 979; x_wconf 68' lang='grc' dir='ltr'><strong><em>τοῖσι</em></strong></span> <span class='ocrx_word' id='word_1_63' title='bbox 830 908 867 978; x_wconf 77' lang='grc' dir='ltr'><strong><em>δέ</em></strong></span> <span class='ocrx_word' id='word_1_64' title='bbox 881 911 1143 997; x_wconf 71' lang='grc' dir='ltr'><strong><em>ἐπιλεγομένοισί</em></strong></span> 
     </span>
     <span class='ocr_line' id='line_1_9' title="bbox 107 1004 1139 1098; baseline -0.003 -22"><span class='ocrx_word' id='word_1_65' title='bbox 107 1032 125 1083; x_wconf 75' lang='lat'>2</span> <span class='ocrx_word' id='word_1_66' title='bbox 138 1037 174 1078; x_wconf 88' lang='grc' dir='ltr'><strong><em>τε</em></strong></span> <span class='ocrx_word' id='word_1_67' title='bbox 187 1009 298 1077; x_wconf 88' lang='grc' dir='ltr'><strong><em>πάντα</em></strong></span> <span class='ocrx_word' id='word_1_68' title='bbox 311 1004 574 1078; x_wconf 79' lang='grc' dir='ltr'><strong><em>καίόκνέαυσιού</em></strong></span> <span class='ocrx_word' id='word_1_69' title='bbox 588 1007 678 1094; x_wconf 82' lang='grc' dir='ltr'><strong><em>μάλα</em></strong></span> <span class='ocrx_word' id='word_1_70' title='bbox 688 1009 807 1079; x_wconf 87' lang='grc' dir='ltr'><strong><em>ἐθέλει.</em></strong></span> <span class='ocrx_word' id='word_1_71' title='bbox 823 1004 922 1098; x_wconf 81' lang='grc' dir='ltr'><strong><em>Ὁρᾷς</em></strong></span> <span class='ocrx_word' id='word_1_72' title='bbox 932 1004 972 1075; x_wconf 82' lang='grc' dir='ltr'><strong><em>τά</em></strong></span> <span class='ocrx_word' id='word_1_73' title='bbox 984 1007 1139 1097; x_wconf 82' lang='grc' dir='ltr'><strong><em>Περσέων</em></strong></span> 
     </span>
     <span class='ocr_line' id='line_1_10' title="bbox 138 1104 1141 1194; baseline -0.005 -20"><span class='ocrx_word' id='word_1_74' title='bbox 138 1107 315 1194; x_wconf 75' lang='grc' dir='ltr'><strong><em>πρήγματα</em></strong></span> <span class='ocrx_word' id='word_1_75' title='bbox 322 1109 355 1187; x_wconf 87' lang='grc' dir='ltr'><strong><em>ἐς</em></strong></span> <span class='ocrx_word' id='word_1_76' title='bbox 363 1110 400 1178; x_wconf 83' lang='grc' dir='ltr'><strong><em>ιδ</em></strong></span> <span class='ocrx_word' id='word_1_77' title='bbox 407 1107 569 1192; x_wconf 85' lang='grc' dir='ltr'><strong><em>δυνάμιος</em></strong></span> <span class='ocrx_word' id='word_1_78' title='bbox 578 1104 824 1192; x_wconf 69' lang='grc' dir='ltr'><strong><em>προσκεχώρηκε.</em></strong></span> <span class='ocrx_word' id='word_1_79' title='bbox 849 1110 879 1173; x_wconf 88' lang='grc' dir='ltr'><strong><em>εί</em></strong></span> <span class='ocrx_word' id='word_1_80' title='bbox 890 1110 1007 1173; x_wconf 82' lang='grc' dir='ltr'><strong><em>τοίνυν</em></strong></span> <span class='ocrx_word' id='word_1_81' title='bbox 1020 1106 1141 1172; x_wconf 81' lang='grc' dir='ltr'><strong><em>ἐκείνοι</em></strong></span> 
     </span>
     <span class='ocr_line' id='line_1_11' title="bbox 139 1197 1142 1293; baseline -0.005 -21"><span class='ocrx_word' id='word_1_82' title='bbox 139 1209 173 1272; x_wconf 85' lang='grc' dir='ltr'><strong><em>οί</em></strong></span> <span class='ocrx_word' id='word_1_83' title='bbox 181 1201 246 1290; x_wconf 88' lang='grc' dir='ltr'><strong><em>πρδ</em></strong></span> <span class='ocrx_word' id='word_1_84' title='bbox 258 1205 338 1290; x_wconf 84' lang='grc' dir='ltr'><strong><em>ἐμεῦ</em></strong></span> <span class='ocrx_word' id='word_1_85' title='bbox 347 1203 524 1290; x_wconf 88' lang='grc' dir='ltr'><strong><em>γενόμενοι</em></strong></span> <span class='ocrx_word' id='word_1_86' title='bbox 532 1206 683 1293; x_wconf 73' lang='grc' dir='ltr'><strong><em>βασιλέες</em></strong></span> <span class='ocrx_word' id='word_1_87' title='bbox 688 1201 840 1290; x_wconf 84' lang='grc' dir='ltr'><strong><em>γνόμησι</em></strong></span> <span class='ocrx_word' id='word_1_88' title='bbox 847 1203 998 1289; x_wconf 86' lang='grc' dir='ltr'><strong><em>ἐχρέοντο</em></strong></span> <span class='ocrx_word' id='word_1_89' title='bbox 1009 1197 1142 1290; x_wconf 85' lang='grc' dir='ltr'><strong><em>δμοίησι</em></strong></span> 
     </span>
     <span class='ocr_line' id='line_1_12' title="bbox 129 1296 1141 1389; baseline -0.003 -20"><span class='ocrx_word' id='word_1_90' title='bbox 129 1302 194 1384; x_wconf 78' lang='grc' dir='ltr'><strong><em>Ιοιαὶ</em></strong></span> <span class='ocrx_word' id='word_1_91' title='bbox 208 1297 267 1387; x_wconf 87' lang='grc' dir='ltr'><strong><em>σδ,</em></strong></span> <span class='ocrx_word' id='word_1_92' title='bbox 283 1296 304 1389; x_wconf 77' lang='grc' dir='ltr'><em>ἢ</em></span> <span class='ocrx_word' id='word_1_93' title='bbox 318 1298 364 1389; x_wconf 81' lang='grc' dir='ltr'><strong><em>μὴ</em></strong></span> <span class='ocrx_word' id='word_1_94' title='bbox 377 1300 551 1388; x_wconf 75' lang='grc' dir='ltr'><strong><em>χρεόμενοι</em></strong></span> <span class='ocrx_word' id='word_1_95' title='bbox 567 1298 718 1389; x_wconf 85' lang='grc' dir='ltr'><strong><em>γνιόμησι</em></strong></span> <span class='ocrx_word' id='word_1_96' title='bbox 731 1298 902 1388; x_wconf 73' lang='grc' dir='ltr'><strong><em>τοιαύτῃσι</em></strong></span> <span class='ocrx_word' id='word_1_97' title='bbox 916 1298 1038 1389; x_wconf 81' lang='grc' dir='ltr'><strong><em>ἀλλους</em></strong></span> <span class='ocrx_word' id='word_1_98' title='bbox 1055 1320 1141 1385; x_wconf 92' lang='grc' dir='ltr'><strong><em>συμ-</em></strong></span> 
     </span>
     <span class='ocr_line' id='line_1_13' title="bbox 138 1393 1140 1485; baseline -0.001 -21"><span class='ocrx_word' id='word_1_99' title='bbox 138 1397 284 1483; x_wconf 90' lang='grc' dir='ltr'><strong><em>βούλους</em></strong></span> <span class='ocrx_word' id='word_1_100' title='bbox 295 1396 382 1485; x_wconf 75' lang='grc' dir='ltr'><strong><em>εἶχον</em></strong></span> <span class='ocrx_word' id='word_1_101' title='bbox 393 1398 578 1483; x_wconf 77' lang='grc' dir='ltr'><strong><em>τοιούτους,</em></strong></span> <span class='ocrx_word' id='word_1_102' title='bbox 590 1394 654 1467; x_wconf 85' lang='grc' dir='ltr'><strong><em>ούοι</em></strong></span> <span class='ocrx_word' id='word_1_103' title='bbox 667 1395 711 1467; x_wconf 83' lang='grc' dir='ltr'><strong><em>ἀν</em></strong></span> <span class='ocrx_word' id='word_1_104' title='bbox 721 1421 797 1465; x_wconf 83' lang='grc' dir='ltr'><strong><em>ιωτε</em></strong></span> <span class='ocrx_word' id='word_1_105' title='bbox 808 1394 891 1476; x_wconf 79' lang='grc' dir='ltr'><strong><em>εἶδες</em></strong></span> <span class='ocrx_word' id='word_1_106' title='bbox 902 1393 987 1467; x_wconf 83' lang='grc' dir='ltr'><strong><em>αύτά</em></strong></span> <span class='ocrx_word' id='word_1_107' title='bbox 998 1400 1031 1477; x_wconf 86' lang='grc' dir='ltr'><strong><em>ἐς</em></strong></span> <span class='ocrx_word' id='word_1_108' title='bbox 1041 1404 1140 1465; x_wconf 87' lang='grc' dir='ltr'><strong><em>τοῦτο</em></strong></span> 
     </span>
     <span class='ocr_line' id='line_1_14' title="bbox 137 1494 1139 1584; baseline -0.001 -19"><span class='ocrx_word' id='word_1_109' title='bbox 137 1496 364 1582; x_wconf 87' lang='grc' dir='ltr'><strong><em>προελθόντα·</em></strong></span> <span class='ocrx_word' id='word_1_110' title='bbox 386 1506 452 1566; x_wconf 86' lang='grc' dir='ltr'><strong><em>νῦν</em></strong></span> <span class='ocrx_word' id='word_1_111' title='bbox 466 1501 501 1567; x_wconf 76' lang='grc' dir='ltr'><strong><em>δέ</em></strong></span> <span class='ocrx_word' id='word_1_112' title='bbox 511 1497 694 1576; x_wconf 75' lang='grc' dir='ltr'><strong><em>κινδύνους</em></strong></span> <span class='ocrx_word' id='word_1_113' title='bbox 710 1494 988 1584; x_wconf 84' lang='grc' dir='ltr'><strong><em>ἀναρριπτέοντες</em></strong></span> <span class='ocrx_word' id='word_1_114' title='bbox 997 1499 1031 1579; x_wconf 81' lang='grc' dir='ltr'><strong><em>ἐς</em></strong></span> <span class='ocrx_word' id='word_1_115' title='bbox 1040 1499 1139 1568; x_wconf 83' lang='grc' dir='ltr'><strong><em>τοῦτό</em></strong></span> 
     </span>
     <span class='ocr_line' id='line_1_15' title="bbox 137 1593 1140 1685; baseline -0.002 -21"><span class='ocrx_word' id='word_1_116' title='bbox 137 1617 223 1684; x_wconf 87' lang='grc' dir='ltr'><strong><em>σφεα</em></strong></span> <span class='ocrx_word' id='word_1_117' title='bbox 232 1598 474 1684; x_wconf 86' lang='grc' dir='ltr'><strong><em>προηγάγοντο.</em></strong></span> <span class='ocrx_word' id='word_1_118' title='bbox 488 1596 615 1683; x_wconf 75' lang='grc' dir='ltr'><strong><em>μεγάλοι</em></strong></span> <span class='ocrx_word' id='word_1_119' title='bbox 626 1593 693 1683; x_wconf 87' lang='grc' dir='ltr'><strong><em>γάρ</em></strong></span> <span class='ocrx_word' id='word_1_120' title='bbox 705 1593 881 1684; x_wconf 69' lang='grc' dir='ltr'><strong><em>πράγματα</em></strong></span> <span class='ocrx_word' id='word_1_121' title='bbox 889 1597 1063 1685; x_wconf 89' lang='grc' dir='ltr'><strong><em>μεγάλοισι</em></strong></span> <span class='ocrx_word' id='word_1_122' title='bbox 1070 1623 1140 1663; x_wconf 91' lang='grc' dir='ltr'><strong><em>κιν-</em></strong></span> 
     </span>
     <span class='ocr_line' id='line_1_16' title="bbox 137 1690 1137 1784; baseline 0.001 -23"><span class='ocrx_word' id='word_1_123' title='bbox 137 1693 269 1761; x_wconf 87' lang='grc' dir='ltr'><strong><em>δύνοισι</em></strong></span> <span class='ocrx_word' id='word_1_124' title='bbox 286 1696 392 1763; x_wconf 84' lang='grc' dir='ltr'><strong><em>ἐθέλει</em></strong></span> <span class='ocrx_word' id='word_1_125' title='bbox 406 1697 649 1781; x_wconf 81' lang='grc' dir='ltr'><strong><em>καταιρέεσθαι.</em></strong></span> <span class='ocrx_word' id='word_1_126' title='bbox 668 1690 780 1780; x_wconf 84' lang='grc' dir='ltr'><strong><em>Ἦμείς</em></strong></span> <span class='ocrx_word' id='word_1_127' title='bbox 796 1700 912 1762; x_wconf 86' lang='grc' dir='ltr'><strong><em>τοίνυν</em></strong></span> <span class='ocrx_word' id='word_1_128' title='bbox 926 1692 1137 1784; x_wconf 75' lang='grc' dir='ltr'><strong><em>ὁμοιεύμενοι</em></strong></span> 
     </span>
     <span class='ocr_line' id='line_1_17' title="bbox 136 1789 1139 1882; baseline -0.001 -20"><span class='ocrx_word' id='word_1_129' title='bbox 136 1794 292 1862; x_wconf 76' lang='grc' dir='ltr'><strong><em>ἐκείνοισι</em></strong></span> <span class='ocrx_word' id='word_1_130' title='bbox 307 1789 400 1879; x_wconf 78' lang='grc' dir='ltr'><strong><em>δέρην</em></strong></span> <span class='ocrx_word' id='word_1_131' title='bbox 412 1799 522 1861; x_wconf 85' lang='grc' dir='ltr'><strong><em>τετοῦ</em></strong></span> <span class='ocrx_word' id='word_1_132' title='bbox 537 1798 626 1872; x_wconf 83' lang='grc' dir='ltr'><strong><em>ἔτεος</em></strong></span> <span class='ocrx_word' id='word_1_133' title='bbox 638 1800 819 1880; x_wconf 82' lang='grc' dir='ltr'><strong><em>καλλίστην</em></strong></span> <span class='ocrx_word' id='word_1_134' title='bbox 836 1794 1069 1882; x_wconf 74' lang='grc' dir='ltr'><strong><em>πορευόμεθα,</em></strong></span> <span class='ocrx_word' id='word_1_135' title='bbox 1085 1797 1139 1862; x_wconf 87' lang='grc' dir='ltr'>καί</span> 
     </span>
     <span class='ocr_line' id='line_1_18' title="bbox 135 1887 1140 1980; baseline 0.004 -23"><span class='ocrx_word' id='word_1_136' title='bbox 135 1890 440 1976; x_wconf 72' lang='grc' dir='ltr'><strong><em>καταστρεψάμενοι</em></strong></span> <span class='ocrx_word' id='word_1_137' title='bbox 454 1896 566 1958; x_wconf 84' lang='grc' dir='ltr'><strong><em>πᾶσαν</em></strong></span> <span class='ocrx_word' id='word_1_138' title='bbox 579 1887 642 1976; x_wconf 80' lang='grc' dir='ltr'><strong><em>την</em></strong></span> <span class='ocrx_word' id='word_1_139' title='bbox 657 1887 827 1977; x_wconf 69' lang='grc' dir='ltr'><strong><em>Εὐρώπην</em></strong></span> <span class='ocrx_word' id='word_1_140' title='bbox 841 1892 1046 1980; x_wconf 79' lang='grc' dir='ltr'><strong><em>νοστήσομεν</em></strong></span> <span class='ocrx_word' id='word_1_141' title='bbox 1064 1890 1140 1962; x_wconf 85' lang='grc' dir='ltr'><strong><em>ὀπί-</em></strong></span> 
     </span>
     <span class='ocr_line' id='line_1_19' title="bbox 135 1985 1130 2078; baseline 0.003 -24"><span class='ocrx_word' id='word_1_142' title='bbox 135 2007 200 2074; x_wconf 84' lang='grc' dir='ltr'><strong><em>σω,</em></strong></span> <span class='ocrx_word' id='word_1_143' title='bbox 216 1985 292 2054; x_wconf 81' lang='grc' dir='ltr'><strong><em>οὔτε</em></strong></span> <span class='ocrx_word' id='word_1_144' title='bbox 306 1994 390 2078; x_wconf 77' lang='grc' dir='ltr'><strong><em>λιμῷ</em></strong></span> <span class='ocrx_word' id='word_1_145' title='bbox 402 1988 594 2074; x_wconf 81' lang='grc' dir='ltr'><strong><em>ἐντυχόντες</em></strong></span> <span class='ocrx_word' id='word_1_146' title='bbox 608 1985 777 2074; x_wconf 78' lang='grc' dir='ltr'><strong><em>οὐδαμόθι</em></strong></span> <span class='ocrx_word' id='word_1_147' title='bbox 788 1987 865 2057; x_wconf 79' lang='grc' dir='ltr'><strong><em>οὔτε</em></strong></span> <span class='ocrx_word' id='word_1_148' title='bbox 877 1988 958 2059; x_wconf 85' lang='grc' dir='ltr'><strong><em>ἀλλο</em></strong></span> <span class='ocrx_word' id='word_1_149' title='bbox 968 1986 1067 2077; x_wconf 83' lang='grc' dir='ltr'><strong><em>ἀχαρι</em></strong></span> <span class='ocrx_word' id='word_1_150' title='bbox 1079 1987 1130 2057; x_wconf 77' lang='grc' dir='ltr'><strong><em>ού</em></strong></span> 
     </span>
     <span class='ocr_line' id='line_1_20' title="bbox 135 2081 1139 2177; baseline 0.005 -28"><span class='ocrx_word' id='word_1_151' title='bbox 135 2084 193 2149; x_wconf 78' lang='grc' dir='ltr'><strong><em>δέυ</em></strong></span> <span class='ocrx_word' id='word_1_152' title='bbox 208 2081 383 2161; x_wconf 86' lang='grc' dir='ltr'><strong><em>παθόντες.</em></strong></span> <span class='ocrx_word' id='word_1_153' title='bbox 407 2090 505 2153; x_wconf 81' lang='grc' dir='ltr'><strong><em>τοῦτο</em></strong></span> <span class='ocrx_word' id='word_1_154' title='bbox 523 2087 584 2170; x_wconf 78' lang='grc' dir='ltr'><strong><em>μὲν</em></strong></span> <span class='ocrx_word' id='word_1_155' title='bbox 601 2083 665 2170; x_wconf 87' lang='grc' dir='ltr'><strong><em>γάρ</em></strong></span> <span class='ocrx_word' id='word_1_156' title='bbox 680 2083 775 2156; x_wconf 77' lang='grc' dir='ltr'><strong><em>αύτολ</em></strong></span> <span class='ocrx_word' id='word_1_157' title='bbox 787 2086 916 2175; x_wconf 77' lang='grc' dir='ltr'><strong><em>πολλὴν</em></strong></span> <span class='ocrx_word' id='word_1_158' title='bbox 928 2085 1062 2177; x_wconf 75' lang='grc' dir='ltr'><strong><em>φορβὴν</em></strong></span> <span class='ocrx_word' id='word_1_159' title='bbox 1076 2115 1139 2175; x_wconf 88' lang='grc' dir='ltr'><strong><em>φε-</em></strong></span> 
     </span>
     <span class='ocr_line' id='line_1_21' title="bbox 135 2179 1139 2273; baseline 0.006 -29"><span class='ocrx_word' id='word_1_160' title='bbox 135 2179 272 2264; x_wconf 90' lang='grc' dir='ltr'><strong><em>ρόμενοι</em></strong></span> <span class='ocrx_word' id='word_1_161' title='bbox 291 2179 526 2266; x_wconf 85' lang='grc' dir='ltr'><strong><em>πορευόμεθα,</em></strong></span> <span class='ocrx_word' id='word_1_162' title='bbox 547 2188 645 2251; x_wconf 81' lang='grc' dir='ltr'><strong><em>τοῦτο</em></strong></span> <span class='ocrx_word' id='word_1_163' title='bbox 667 2185 704 2259; x_wconf 65' lang='grc' dir='ltr'><strong><em>δὲ</em></strong></span> <span class='ocrx_word' id='word_1_164' title='bbox 720 2189 788 2251; x_wconf 78' lang='grc' dir='ltr'><strong><em>τῶν</em></strong></span> <span class='ocrx_word' id='word_1_165' title='bbox 806 2181 850 2250; x_wconf 80' lang='grc' dir='ltr'><strong><em>ἀν</em></strong></span> <span class='ocrx_word' id='word_1_166' title='bbox 870 2209 935 2252; x_wconf 92' lang='grc' dir='ltr'><strong><em>κου</em></strong></span> <span class='ocrx_word' id='word_1_167' title='bbox 954 2185 1139 2273; x_wconf 77' lang='grc' dir='ltr'><strong><em>ἐπιβέωμεν</em></strong></span> 
     </span>
     <span class='ocr_line' id='line_1_22' title="bbox 133 2277 1139 2369; baseline 0.009 -28"><span class='ocrx_word' id='word_1_168' title='bbox 133 2281 198 2361; x_wconf 83' lang='grc' dir='ltr'><strong><em>γῆν</em></strong></span> <span class='ocrx_word' id='word_1_169' title='bbox 212 2277 266 2343; x_wconf 82' lang='grc' dir='ltr'><strong><em>καί</em></strong></span> <span class='ocrx_word' id='word_1_170' title='bbox 281 2281 399 2363; x_wconf 77' lang='grc' dir='ltr'><strong><em>ἔθνος,</em></strong></span> <span class='ocrx_word' id='word_1_171' title='bbox 419 2277 548 2353; x_wconf 83' lang='grc' dir='ltr'><strong><em>τούτων</em></strong></span> <span class='ocrx_word' id='word_1_172' title='bbox 568 2277 628 2346; x_wconf 84' lang='grc' dir='ltr'><strong><em>τόν</em></strong></span> <span class='ocrx_word' id='word_1_173' title='bbox 645 2293 737 2349; x_wconf 82' lang='grc' dir='ltr'><strong><em>σίτου</em></strong></span> <span class='ocrx_word' id='word_1_174' title='bbox 751 2281 886 2368; x_wconf 77' lang='grc' dir='ltr'><strong><em>ἕξομεν,</em></strong></span> <span class='ocrx_word' id='word_1_175' title='bbox 906 2279 958 2349; x_wconf 90' lang='grc' dir='ltr'><strong><em>ἐπ’</em></strong></span> <span class='ocrx_word' id='word_1_176' title='bbox 975 2278 1139 2369; x_wconf 75' lang='grc' dir='ltr'><strong><em>ἀροτῆρας</em></strong></span> 
     </span>
     <span class='ocr_line' id='line_1_23' title="bbox 85 2372 1137 2468; baseline 0.003 -25"><span class='ocrx_word' id='word_1_177' title='bbox 85 2390 119 2444; x_wconf 74' lang='lat'><strong><em>51</em></strong></span> <span class='ocrx_word' id='word_1_178' title='bbox 134 2378 171 2441; x_wconf 77' lang='grc' dir='ltr'><strong><em>δὲ</em></strong></span> <span class='ocrx_word' id='word_1_179' title='bbox 182 2376 237 2442; x_wconf 79' lang='grc' dir='ltr'><strong><em>καί</em></strong></span> <span class='ocrx_word' id='word_1_180' title='bbox 248 2372 289 2443; x_wconf 89' lang='grc' dir='ltr'><strong><em>ού</em></strong></span> <span class='ocrx_word' id='word_1_181' title='bbox 300 2376 448 2461; x_wconf 78' lang='grc' dir='ltr'><strong><em>νομάδας</em></strong></span> <span class='ocrx_word' id='word_1_182' title='bbox 459 2378 709 2463; x_wconf 86' lang='grc' dir='ltr'><strong><em>στρατευόμεθα</em></strong></span> <span class='ocrx_word' id='word_1_183' title='bbox 719 2376 853 2465; x_wconf 82' lang='grc' dir='ltr'><strong><em>ἀνδρας.</em></strong></span> <span class='ocrx_word' id='word_1_184' title='bbox 868 2381 966 2466; x_wconf 83' lang='grc' dir='ltr'><strong><em>Λέγει</em></strong></span> <span class='ocrx_word' id='word_1_185' title='bbox 978 2378 1137 2468; x_wconf 85' lang='grc' dir='ltr'><strong><em>Ἀρτάβα-</em></strong></span> 
     </span>
     <span class='ocr_line' id='line_1_24' title="bbox 133 2467 1137 2566; baseline 0.006 -28"><span class='ocrx_word' id='word_1_186' title='bbox 133 2495 192 2550; x_wconf 91' lang='grc' dir='ltr'><strong><em>νος</em></strong></span> <span class='ocrx_word' id='word_1_187' title='bbox 203 2468 283 2556; x_wconf 84' lang='grc' dir='ltr'><strong><em>μετά</em></strong></span> <span class='ocrx_word' id='word_1_188' title='bbox 295 2478 414 2540; x_wconf 83' lang='grc' dir='ltr'><strong><em>ταῦτα·</em></strong></span> <span class='ocrx_word' id='word_1_189' title='bbox 433 2467 471 2541; x_wconf 85' lang='grc' dir='ltr'><em>Ὦ</em></span> <span class='ocrx_word' id='word_1_190' title='bbox 482 2480 631 2560; x_wconf 83' lang='grc' dir='ltr'><strong><em>βασιλεύ,</em></strong></span> <span class='ocrx_word' id='word_1_191' title='bbox 654 2475 760 2544; x_wconf 77' lang='grc' dir='ltr'><strong><em>ἐπείτε</em></strong></span> <span class='ocrx_word' id='word_1_192' title='bbox 778 2472 960 2563; x_wconf 78' lang='grc' dir='ltr'><strong><em>ἀρρωδέειν</em></strong></span> <span class='ocrx_word' id='word_1_193' title='bbox 971 2475 1137 2566; x_wconf 77' lang='grc' dir='ltr'><strong><em>οάδενέᾷς</em></strong></span> 
     </span>
     <span class='ocr_line' id='line_1_25' title="bbox 133 2567 1137 2662; baseline 0.006 -25"><span class='ocrx_word' id='word_1_194' title='bbox 133 2575 286 2655; x_wconf 80' lang='grc' dir='ltr'><strong><em>πρῆγμα,</em></strong></span> <span class='ocrx_word' id='word_1_195' title='bbox 305 2567 348 2636; x_wconf 86' lang='grc' dir='ltr'><strong><em>σδ</em></strong></span> <span class='ocrx_word' id='word_1_196' title='bbox 360 2573 400 2639; x_wconf 88' lang='grc' dir='ltr'><strong><em>δέ</em></strong></span> <span class='ocrx_word' id='word_1_197' title='bbox 404 2597 470 2656; x_wconf 87' lang='grc' dir='ltr'><strong><em>μευ</em></strong></span> <span class='ocrx_word' id='word_1_198' title='bbox 482 2576 691 2660; x_wconf 86' lang='grc' dir='ltr'><strong><em>συμβουλίην</em></strong></span> <span class='ocrx_word' id='word_1_199' title='bbox 702 2577 847 2654; x_wconf 74' lang='grc' dir='ltr'><strong><em>ἔνδεξαι·</em></strong></span> <span class='ocrx_word' id='word_1_200' title='bbox 870 2571 1060 2662; x_wconf 81' lang='grc' dir='ltr'><strong><em>ἀναγκαίως</em></strong></span> <span class='ocrx_word' id='word_1_201' title='bbox 1072 2571 1137 2662; x_wconf 85' lang='grc' dir='ltr'><strong><em>γάρ</em></strong></span> 
     </span>
     <span class='ocr_line' id='line_1_26' title="bbox 132 2669 1135 2755; baseline 0.007 -22"><span class='ocrx_word' id='word_1_202' title='bbox 132 2672 198 2750; x_wconf 78' lang='grc' dir='ltr'><strong><em>ἔχει</em></strong></span> <span class='ocrx_word' id='word_1_203' title='bbox 210 2669 285 2749; x_wconf 77' lang='grc' dir='ltr'><strong><em>περὶ</em></strong></span> <span class='ocrx_word' id='word_1_204' title='bbox 292 2674 426 2735; x_wconf 78' lang='grc' dir='ltr'><strong><em>πολλῶν</em></strong></span> <span class='ocrx_word' id='word_1_205' title='bbox 437 2669 642 2755; x_wconf 86' lang='grc' dir='ltr'><strong><em>πρηγμάτων</em></strong></span> <span class='ocrx_word' id='word_1_206' title='bbox 648 2675 775 2739; x_wconf 83' lang='grc' dir='ltr'><strong><em>πλεῦνα</em></strong></span> <span class='ocrx_word' id='word_1_207' title='bbox 785 2669 889 2755; x_wconf 90' lang='grc' dir='ltr'><strong><em>λόγον</em></strong></span> <span class='ocrx_word' id='word_1_208' title='bbox 900 2673 1051 2741; x_wconf 82' lang='grc' dir='ltr'><strong><em>ἐντείναι.</em></strong></span> <span class='ocrx_word' id='word_1_209' title='bbox 1065 2679 1135 2743; x_wconf 55' lang='lat' dir='ltr'><strong><em>KQ]-</em></strong></span> 
     </span>
     <span class='ocr_line' id='line_1_27' title="bbox 134 2760 1135 2856; baseline 0.007 -25"><span class='ocrx_word' id='word_1_210' title='bbox 134 2789 192 2851; x_wconf 92' lang='grc' dir='ltr'><strong><em>ρος</em></strong></span> <span class='ocrx_word' id='word_1_211' title='bbox 212 2760 231 2832; x_wconf 87' lang='grc' dir='ltr'>ὁ</span> <span class='ocrx_word' id='word_1_212' title='bbox 253 2767 444 2853; x_wconf 79' lang='grc' dir='ltr'><strong><em>Καμβύσεω</em></strong></span> <span class='ocrx_word' id='word_1_213' title='bbox 462 2765 591 2853; x_wconf 82' lang='grc' dir='ltr'><strong><em>Ἰωνίην</em></strong></span> <span class='ocrx_word' id='word_1_214' title='bbox 607 2773 721 2841; x_wconf 88' lang='grc' dir='ltr'><strong><em>πάσαν</em></strong></span> <span class='ocrx_word' id='word_1_215' title='bbox 743 2765 831 2854; x_wconf 78' lang='grc' dir='ltr'><strong><em>πλὴν</em></strong></span> <span class='ocrx_word' id='word_1_216' title='bbox 849 2765 1039 2856; x_wconf 78' lang='grc' dir='ltr'><strong><em>Ἀθηναίων</em></strong></span> <span class='ocrx_word' id='word_1_217' title='bbox 1059 2797 1135 2839; x_wconf 88' lang='grc' dir='ltr'><strong><em>κατ-</em></strong></span> 
     </span>
     <span class='ocr_line' id='line_1_28' title="bbox 133 2859 1137 2957; baseline 0.007 -30"><span class='ocrx_word' id='word_1_218' title='bbox 133 2863 312 2944; x_wconf 76' lang='grc' dir='ltr'><strong><em>εστρέψατο</em></strong></span> <span class='ocrx_word' id='word_1_219' title='bbox 328 2862 547 2949; x_wconf 82' lang='grc' dir='ltr'><strong><em>δασμοφόρον</em></strong></span> <span class='ocrx_word' id='word_1_220' title='bbox 563 2863 646 2933; x_wconf 73' lang='grc' dir='ltr'><strong><em>εἶναι</em></strong></span> <span class='ocrx_word' id='word_1_221' title='bbox 659 2868 816 2954; x_wconf 83' lang='grc' dir='ltr'><strong><em>Πέρσησι.</em></strong></span> <span class='ocrx_word' id='word_1_222' title='bbox 838 2867 980 2957; x_wconf 87' lang='grc' dir='ltr'><strong><em>τούτους</em></strong></span> <span class='ocrx_word' id='word_1_223' title='bbox 995 2859 1045 2937; x_wconf 80' lang='grc' dir='ltr'><strong><em>τόν</em></strong></span> <span class='ocrx_word' id='word_1_224' title='bbox 1060 2863 1137 2944; x_wconf 78' lang='grc' dir='ltr'><strong><em>τοὺς</em></strong></span> 
     </span>
     <span class='ocr_line' id='line_1_29' title="bbox 133 2956 1136 3057; baseline 0.009 -32"><span class='ocrx_word' id='word_1_225' title='bbox 133 2958 259 3042; x_wconf 86' lang='grc' dir='ltr'><strong><em>ἀνδρας</em></strong></span> <span class='ocrx_word' id='word_1_226' title='bbox 273 2959 495 3047; x_wconf 82' lang='grc' dir='ltr'><strong><em>συμβουλεύω</em></strong></span> <span class='ocrx_word' id='word_1_227' title='bbox 510 2987 560 3031; x_wconf 90' lang='grc' dir='ltr'><strong><em>τοι</em></strong></span> <span class='ocrx_word' id='word_1_228' title='bbox 576 2968 720 3052; x_wconf 74' lang='grc' dir='ltr'><strong><em>μηδεμιῇ</em></strong></span> <span class='ocrx_word' id='word_1_229' title='bbox 734 2970 865 3055; x_wconf 80' lang='grc' dir='ltr'><strong><em>μηχανῇ</em></strong></span> <span class='ocrx_word' id='word_1_230' title='bbox 879 2956 975 3055; x_wconf 78' lang='grc' dir='ltr'><strong><em>ἄγειν</em></strong></span> <span class='ocrx_word' id='word_1_231' title='bbox 989 2970 1043 3057; x_wconf 79' lang='grc' dir='ltr'><strong><em>ἐπί</em></strong></span> <span class='ocrx_word' id='word_1_232' title='bbox 1060 2964 1136 3044; x_wconf 81' lang='grc' dir='ltr'><strong><em>τούς</em></strong></span> 
     </span>
     <span class='ocr_line' id='line_1_30' title="bbox 132 3058 1136 3154; baseline 0.004 -26"><span class='ocrx_word' id='word_1_233' title='bbox 132 3063 292 3147; x_wconf 82' lang='grc' dir='ltr'><strong><em>πατέρας·</em></strong></span> <span class='ocrx_word' id='word_1_234' title='bbox 315 3062 370 3131; x_wconf 83' lang='grc' dir='ltr'><strong><em>καί</em></strong></span> <span class='ocrx_word' id='word_1_235' title='bbox 382 3059 448 3147; x_wconf 86' lang='grc' dir='ltr'><strong><em>γάρ</em></strong></span> <span class='ocrx_word' id='word_1_236' title='bbox 460 3059 544 3133; x_wconf 82' lang='grc' dir='ltr'><strong><em>ἀνευ</em></strong></span> <span class='ocrx_word' id='word_1_237' title='bbox 555 3062 685 3131; x_wconf 90' lang='grc' dir='ltr'><strong><em>τούτων</em></strong></span> <span class='ocrx_word' id='word_1_238' title='bbox 699 3058 766 3131; x_wconf 86' lang='grc' dir='ltr'><strong><em>οἷοί</em></strong></span> <span class='ocrx_word' id='word_1_239' title='bbox 774 3067 810 3139; x_wconf 82' lang='grc' dir='ltr'><strong><em>τέ</em></strong></span> <span class='ocrx_word' id='word_1_240' title='bbox 820 3068 911 3150; x_wconf 88' lang='grc' dir='ltr'><strong><em>είμεν</em></strong></span> <span class='ocrx_word' id='word_1_241' title='bbox 924 3071 994 3135; x_wconf 78' lang='grc' dir='ltr'><strong><em>τῶν</em></strong></span> <span class='ocrx_word' id='word_1_242' title='bbox 1005 3068 1136 3154; x_wconf 81' lang='grc' dir='ltr'><strong><em>ἐχθρῶν</em></strong></span> 
     </span>
     <span class='ocr_line' id='line_1_31' title="bbox 132 3156 1138 3252; baseline 0.004 -25"><span class='ocrx_word' id='word_1_243' title='bbox 132 3160 370 3246; x_wconf 81' lang='grc' dir='ltr'><strong><em>κατυπέρτεροι</em></strong></span> <span class='ocrx_word' id='word_1_244' title='bbox 384 3168 548 3247; x_wconf 84' lang='grc' dir='ltr'><strong><em>γίνεσθαι,</em></strong></span> <span class='ocrx_word' id='word_1_245' title='bbox 571 3158 593 3247; x_wconf 76' lang='grc' dir='ltr'><em>ἢ</em></span> <span class='ocrx_word' id='word_1_246' title='bbox 607 3162 672 3249; x_wconf 92' lang='grc' dir='ltr'><strong><em>γάρ</em></strong></span> <span class='ocrx_word' id='word_1_247' title='bbox 688 3182 809 3249; x_wconf 88' lang='grc' dir='ltr'><strong><em>σφεας,</em></strong></span> <span class='ocrx_word' id='word_1_248' title='bbox 829 3156 874 3249; x_wconf 78' lang='grc' dir='ltr'><strong><em>ἢν</em></strong></span> <span class='ocrx_word' id='word_1_249' title='bbox 888 3163 1051 3252; x_wconf 78' lang='grc' dir='ltr'><strong><em>ἕπωνται,</em></strong></span> <span class='ocrx_word' id='word_1_250' title='bbox 1087 3169 1138 3233; x_wconf 78' lang='grc' dir='ltr'><strong><em>δεῖ</em></strong></span> 
     </span>
     <span class='ocr_line' id='line_1_32' title="bbox 132 3255 1137 3349; baseline 0.001 -24"><span class='ocrx_word' id='word_1_251' title='bbox 132 3255 357 3337; x_wconf 88' lang='grc' dir='ltr'><strong><em>ἀδικωτάτους</em></strong></span> <span class='ocrx_word' id='word_1_252' title='bbox 372 3267 526 3344; x_wconf 88' lang='grc' dir='ltr'><strong><em>γίνεσθαι</em></strong></span> <span class='ocrx_word' id='word_1_253' title='bbox 540 3260 873 3347; x_wconf 83' lang='grc' dir='ltr'><strong><em>καταδουλουμένους</em></strong></span> <span class='ocrx_word' id='word_1_254' title='bbox 887 3257 949 3347; x_wconf 78' lang='grc' dir='ltr'><strong><em>την</em></strong></span> <span class='ocrx_word' id='word_1_255' title='bbox 966 3261 1137 3349; x_wconf 83' lang='grc' dir='ltr'><strong><em>μητρόπο-</em></strong></span> 
     </span>
     <span class='ocr_line' id='line_1_33' title="bbox 131 3351 1134 3457; baseline 0.004 -33"><span class='ocrx_word' id='word_1_256' title='bbox 131 3365 203 3441; x_wconf 91' lang='grc' dir='ltr'><strong><em>λιν,</em></strong></span> <span class='ocrx_word' id='word_1_257' title='bbox 217 3351 240 3441; x_wconf 75' lang='grc' dir='ltr'><em>ιῖ</em></span> <span class='ocrx_word' id='word_1_258' title='bbox 256 3357 485 3436; x_wconf 88' lang='grc' dir='ltr'><strong><em>δικαιοτάτους</em></strong></span> <span class='ocrx_word' id='word_1_259' title='bbox 500 3365 840 3457; x_wconf 75' lang='grc' dir='ltr'><strong><em>συνελευθεροῦντας.</em></strong></span> <span class='ocrx_word' id='word_1_260' title='bbox 862 3355 1063 3439; x_wconf 81' lang='grc' dir='ltr'><strong><em>α’δικάαατοι</em></strong></span> <span class='ocrx_word' id='word_1_261' title='bbox 1075 3366 1134 3447; x_wconf 82' lang='grc' dir='ltr'><strong><em>μὲτ</em></strong></span> 
     </span>
    </p>
   </div>
   <div class='ocr_carea' id='block_1_3' title="bbox 0 0 1194 3840">
    <p class='ocr_par' dir='ltr' id='par_1_3' title="bbox 0 0 1194 3840">
     <span class='ocr_line' id='line_1_34' title="bbox 0 0 1194 3840; baseline 0 2"><span class='ocrx_word' id='word_1_262' title='bbox 0 0 1194 3840; x_wconf 95' lang='lat' dir='ltr'><strong><em> </em></strong></span> 
     </span>
    </p>
   </div>
  </div>
 </body>
</html>
