2378 3840
325 185 410 242 ΗΒ.
444 186 513 242 VIII.
547 185 645 243 CAP.
681 191 820 247 79-84.
1012 184 1075 248 257

70 343 133 428 γάρ
154 347 223 409 πᾶν
240 338 279 415 τδ,
294 341 523 428 στρατόπεδον
542 340 579 410 τδ
595 341 791 431 Ἑλληνικὸν
811 341 878 412 ὑπὸ
899 351 967 413 τῶν
987 351 1076 413 νεῶν

68 448 137 507 τῶν
146 442 290 527 Ξέρξεω·
314 444 564 528 παραρτέεσθαί
572 469 609 510 τε
623 443 850 532 συνεβούλευε
861 439 906 521 ὡς
915 439 1074 530 άλεξησω

67 545 200 627 μένους.
223 543 288 607 Καὶ
302 537 320 607 ὁ
335 541 398 626 μέν
408 546 512 606 ταῦτα
528 549 622 620 είπας
631 540 835 628 μετεστήκεε,
850 547 918 607 τῶν
933 539 969 608 δὲ
980 533 1074 617 αὖτις

67 640 193 722 ἐγίνετο
204 636 317 722 λόγων
328 633 552 723 ἀμφισβασίη·
575 642 609 705 οί
621 636 686 724 γάρ
697 644 839 716 πλεῦνες
852 643 920 704 τάν
931 657 1073 724 στρατη-

66 741 138 820 γῶν
155 729 218 800 οὐκ
239 736 415 801 ἐπείθοντο
437 731 477 800 τά
499 736 748 820 ἐξαγγελθέντα.
779 732 1019 803 Ἀτιστεόντων
1035 735 1071 800 δὲ
1086 751 1125 804 8²

65 832 197 899 τούτων
210 824 271 918 ήκε
286 832 423 920 τριήρης
438 828 575 917 ἀνδρῶν
590 839 723 920 Τηνίων
737 829 997 918 αὐτομολέουσα,
1014 837 1072 918 τής

65 924 146 1015 ἦρχε
162 926 249 1016 άνήρ
260 936 442 1010 Παναίτιος
456 927 474 998 ὁ
486 935 709 1018 Σωσιμένεος,
734 927 818 1018 ἥπερ
839 929 879 1017 δή
894 937 993 1018 ἔφερε
1009 927 1072 1017 τήν

66 1026 231 1114 άλήθειαν
241 1036 362 1096 πᾶσαν.
375 1027 429 1097 διά
443 1027 479 1096 δὲ
489 1036 588 1098 τοῦτο
600 1026 637 1097 τδ
649 1035 750 1116 ἔργον
761 1028 994 1114 ἐνεγράφησαν
1004 1028 1071 1113 Τή-

66 1152 134 1192 νιοι
151 1128 188 1193 ἐν
200 1135 364 1220 Δελφοίσι
382 1129 415 1206 ές
430 1125 492 1195 τόν
508 1132 649 1214 τρίποδα
665 1131 703 1194 έν
718 1141 803 1196 τοῖσι
820 1125 881 1194 τδν
897 1128 1070 1214 βάρβαρον

65 1232 251 1295 κατελοῦσι.
275 1223 340 1294 σύν
353 1228 389 1294 δὲ
405 1219 455 1294 ὦν
468 1228 573 1315 ταύτη
586 1235 626 1316 τή
640 1232 699 1313 νηίΙ
709 1233 749 1314 τῇ
764 1223 1018 1314 αὐτομολησάσῃ
1037 1228 1070 1303 ές

64 1333 242 1410 Σαλαμῖνα
262 1329 318 1394 καὶ
338 1332 379 1415 τῇ
398 1324 564 1413 πρότερον
585 1323 637 1393 ἐπ’
657 1322 862 1411 Ἀρτεμίσιον
884 1331 924 1414 τή
938 1331 1069 1411 Λημνίη

64 1426 284 1498 ἐξεπληροῦτο
297 1421 334 1491 τδ
350 1420 512 1491 ναντικδν
526 1439 612 1493 τοῖσι
618 1423 753 1510 Ἕλλησι
763 1424 797 1502 ές
806 1420 865 1501 τάς
876 1419 1068 1509 ὀγδώκοντα

64 1534 120 1587 καί
134 1528 324 1606 τριηκοσίας
337 1526 432 1602 νέας·
461 1523 526 1590 δύο
543 1521 609 1609 γάρ
630 1521 671 1608 δή
691 1527 779 1590 νεῶν
793 1520 869 1589 τότε
884 1525 1015 1590 κατέδεε
1036 1524 1068 1600 ές

63 1616 124 1685 τὸν
139 1617 298 1704 ἀριθμόν.

152 1724 245 1784 Τοῖσι
263 1719 299 1784 δὲ
311 1716 446 1805 Ἕλλησι
463 1717 507 1797 ὡς
526 1715 625 1786 πιστά
642 1715 682 1804 δή
699 1716 738 1785 τά
755 1719 920 1805 λεγόμενα
934 1711 979 1805 ήν
998 1727 1066 1786 τῶν
1075 1735 1113 1788 83

67 1821 199 1901 Τηνίων
210 1815 351 1902 βήματα,
357 1816 643 1903 παρεσκευάζοντο
656 1813 701 1894 ὡς
711 1815 988 1903 ναυμαχήσοντες.
1000 1813 1067 1901 ήιές

60 1939 98 1980 τε
110 1911 150 1998 δή
162 1917 332 2000 διέφαινε,
349 1915 405 1982 καί
417 1920 451 1982 οἳ
463 1913 630 2000 σύλλογον
644 1919 712 1980 τῶν
727 1916 910 2000 ἐπιβατέων
924 1912 1068 1997 ποιησά-
1151 1916 1154 1921 ’

61 2035 174 2096 μενοι,
196 2010 405 2099 προηγόρευε
429 2005 469 2079 εὖ
483 2019 600 2098 ἔχοντα
619 2011 682 2098 μὲν
701 2014 738 2080 ἐκ
752 2011 891 2079 πάντων
905 2020 1067 2098 Θεμιστο-

60 2113 175 2195 κλέης,
191 2107 231 2175 τά
247 2112 283 2176 δέ
298 2115 378 2178 έπεα
391 2104 437 2197 ήν
451 2111 561 2179 πάντα
577 2113 706 2198 κρέσσω
721 2124 806 2179 τοῖσι
817 2112 930 2177 ἓσσοσι
941 2106 1067 2176 άντιτι-

60 2212 197 2294 θέμενα.
220 2206 283 2274 ὅσα
300 2208 336 2277 δὲ
352 2211 390 2276 ἐν
405 2207 594 2295 ἄνθρωπον
610 2209 694 2294 φύσι
715 2211 769 2276 καί
783 2205 963 2274 καταστάσι
978 2208 1067 2291 ἐγγί-

60 2332 169 2392 νεται,
185 2311 389 2391 παραινέσας
403 2306 443 2395 δή
458 2309 589 2376 τούτων
601 2305 641 2374 τά
659 2309 786 2393 κρέσσω
802 2307 992 2391 αἱρέεσθαι,
1012 2307 1067 2371 καί

60 2404 264 2482 καταπλέξας
282 2402 345 2491 τήν
368 2409 485 2494 ήήσιν,
506 2408 674 2492 ἐσβαίνειν
694 2406 824 2471 ε’κέλευε
846 2405 879 2481 ές
901 2400 959 2480 τάς
978 2404 1063 2479 νέας.

61 2495 127 2566 Καὶ
142 2491 235 2566 οὗτοι
246 2503 308 2584 μὲν
320 2497 360 2587 δή
374 2504 559 2589 ἐσέβαινον,
576 2504 632 2569 καὶ
641 2493 733 2588 ήκεή
748 2498 806 2567 ἀπ’
820 2507 960 2587 Αίγίνης
970 2498 1063 2584 τριή-

61 2623 139 2682 ρης,
155 2594 270 2683 ήκατά
283 2596 363 2678 τούς
373 2604 534 2678 Αἰακίδας
548 2598 748 2687 ἀπεδήμησε.
772 2600 920 2667 ἐνθαῦτα
938 2597 1065 2685 άνήγυν

60 2695 118 2775 τὰς
132 2700 211 2775 νέας
225 2695 355 2777 ἁπάσας
370 2705 405 2767 οί
416 2699 582 2787 Ἕλληνες.
602 2697 852 2785 Ἀναγομένυισι
870 2701 910 2766 δέ
924 2719 984 2785 σφι
1001 2696 1064 2766 αὐ-
1079 2707 1116 2760 84

59 2803 133 2863 τίκα
144 2797 299 2862 ἐπεκέατο
311 2801 346 2864 σί
353 2797 530 2885 βάρβαροι.
592 2800 627 2864 οί
648 2796 711 2883 μὲν
735 2795 776 2883 δή
800 2794 894 2863 ἄλλοι
903 2794 1062 2882 Ἕλληνες

60 2895 219 2981 πρύμνην
234 2893 459 2983 άνεκροάοντο
481 2901 536 2966 καί
551 2895 697 2967 ὤκελλον
716 2895 774 2975 τάς
788 2899 881 2981 νέας,
899 2893 1063 2982 Ἀμεινίης

60 2995 96 3061 δὲ
110 2990 307 3081 Παλληνεὺς
322 2991 408 3082 άνήρ
426 2992 603 3081 Ἀθηναίας
618 2997 809 3081 ἐξαναχθεὶς
822 3000 882 3081 νηί
896 2991 1060 3079 έμβάλλει.

60 3098 306 3179 συμπλακείσης
323 3091 360 3159 δὲ
373 3099 431 3179 τής
445 3091 521 3171 νεδς
536 3096 591 3161 καί
605 3088 646 3160 οὐ
657 3096 856 3179 δυναμένων
869 3087 1062 3175 άταλλαγή-

60 3216 133 3270 ναι,
156 3186 244 3255 οὕτω
259 3187 299 3276 δή
314 3195 349 3259 οί
361 3189 458 3260 ἄλλοι
469 3189 616 3280 Ἀμεινίη
636 3188 826 3274 7βωθέοντες
847 3190 1059 3273 συνέμισγον.

56 3286 229 3371 Ἀθηναῖοι
241 3288 304 3372 μὲν
315 3288 404 3357 οὕτω
416 3296 551 3376 λέγουσι
562 3296 620 3376 τής
632 3294 817 3376 ναυμαχίης
825 3290 985 3372 γενέσθαι
999 3284 1062 3373 τήν

58 3381 180 3470 ἀρχήν,
197 3389 372 3532 Αίγρμήται
390 3391 426 3455 δὲ
445 3384 507 3474 τήν
521 3384 604 3455 κατὰ
618 3384 698 3464 τούς
713 3388 873 3463 Αίακίδας
886 3379 1062 3530 άρροδημή-
1147 3476 1149 3482 Ι

141 3495 240 3532 HEROD.
