2378 3840
330 194 416 250 LIB.
451 194 484 250 V.
518 193 616 251 CAP.
643 201 785 257 ³1-34.
1022 195 1062 260 15

10 374 13 441 ,
54 352 224 440 σταγορην
233 348 336 422 καί
300 377 363 437 την
374 348 462 419 Ιαδα
472 349 631 438 στρατιην
641 355 696 422 καὶ
707 378 785 432 τους
795 359 943 437 Ναξιους
954 362 1061 426 ἐπλωε

53 452 228 540 πρόφασιν
243 447 296 520 ἐπ’
306 448 571 536 Ἑλλησπόντου,
601 452 708 519 ἐπείτε
728 454 764 518 δὲ
777 453 909 538 ἐγένετο
926 458 963 524 έν
976 464 1059 548 Χιφ,

10 540 16 607 .'=
55 556 130 636 ἔσχε
144 545 203 626 τάς
216 552 295 627 νέας
310 543 573 631 ἐςΚαύκασα,τ
551 572 596 626 ως
611 548 772 616 ἐνθεῦτεν
785 553 887 641 βορέη
900 548 1012 645 άνέμφ
1028 555 1061 633 ές

10 688 13 747 5
53 646 116 734 τήν
130 647 248 726 Νάξον
265 644 427 731 διαβάλοι.
457 640 569 711 καί’
529 669 571 710 ου
593 643 659 730 γάρ
674 649 745 713 έδεε
765 647 873 740 τούτῳ
889 656 935 740 τῷ
952 650 1060 776 στόλρε

55 749 205 826 Ναξίους
219 740 424 828 ἀπολέσθαι,
446 750 582 830 πρῆγμα
596 743 729 815 τοιόνδε
744 716 949 866 συνηνείχθη
964 753 1061 836 γενέ-

10 868 13 915 :
54 855 152 913 σθαι·
180 840 369 928 περιιόντος
383 841 594 929 Μεγαβάτεω
614 839 673 920 τάς
690 844 743 912 ἐπί
759 852 827 915 τῶν
843 853 932 916 νεοῖν
949 856 1061 934 φυλα-

10 994 12 1003 .
54 938 116 1018 κάς
137 941 190 1009 ἐπὶ
210 936 288 1018 νεός
310 944 468 1026 Μυνδίης
496 945 589 1026 ἔτυχε
612 937 723 1021 ούδεές
746 943 946 1028 φυλάσσων·
979 944 996 1014 ὁ
1023 946 1060 1016 δέ

55 1037 170 1108 δεινόν
189 1063 221 1105 τι
238 1036 462 1124 ποιησάμενος
479 1041 630 1108 ἐκέλευσε
644 1039 724 1121 τούς
739 1044 953 1164 δορυφόρους
966 1050 1060 1127 έξευ·

10 1138 176 1226 ΙΙρόντας
195 1133 257 1205 τόν
279 1135 425 1223 άρχοντα
447 1137 570 1224 ταύτης
589 1145 647 1224 τῆς
667 1135 761 1226 νεός,
787 1148 834 1232 τρῖ
860 1140 990 1230 ούνομα
1014 1138 1059 1231 ήν

10 1235 207 1321 Ι’Σκύλαξ,
229 1243 350 1305 τοῦτον
364 1240 463 1322 δῆσαι
479 1232 534 1303 διά
547 1243 715 1323 θαλαμίης
726 1208 950 1320 διελόντας
911 1267 968 1328 της
982 1240 1059 1322 νεός

10 1350 26 1467 3
53 1336 137 1407 κατά
159 1361 275 1421 τουτο,
304 1340 366 1416 έξω
393 1336 456 1422 μέν
481 1333 633 1421 κεφαλήν
658 1344 851 1423 ποιεῦντας,
874 1345 939 1408 έσοε
964 1341 1054 1409 δὲ
1020 1369 1057 1409 το

10 1444 158 1547 ἱισοῖμα.
193 1438 350 1513 δεθέντος
375 1433 412 1502 δέ
437 1440 499 1501 τοῦ
524 1434 703 1554 Σκύλακρς
727 1437 913 1522 ἐξαγγέλλει
939 1464 989 1518 τις
1011 1446 1058 1528 τῷ

10 1504 286 1626 ·Αρισταγόρη,
308 1531 361 1602 ότι
380 1531 441 1601 τόν
461 1533 572 1613 ξεῖνόν
593 1529 676 1601 οἱ
641 1557 702 1600 τον
717 1533 880 1603 Μύνδιον
894 1539 1059 1626 Μεγαβά-

10 1638 110 1751 ἷρτης
125 1633 228 1721 δήσας
241 1627 482 1718 λυμαίνοιτο.
467 1657 485 1699 ο
503 1627 535 1697 δ’
552 1629 665 1698 έλδοῖν
683 1633 928 1756 παραιτέετο
893 1660 954 1703 τον
966 1640 1058 1722 Πέρ-

10 1720 134 1841 6⁶66,
160 1731 337 1823 τυγχάνων
363 1734 400 1798 δέ
425 1728 565 1808 οὐδενός
591 1737 660 1798 τόνν
684 1734 792 1800 ἐδέετο
819 1730 921 1812 αύτδς
945 1732 1058 1803 έλδοδν

26 1842 161 1903 ·έλυσε.
190 1830 386 1918 πυθόμενος
402 1833 439 1899 δὲ
453 1830 559 1950 κάρτα
575 1826 689 1897 δεινόν
704 1828 918 1917 έποιήσατο”
904 1857 922 1897 ο
938 1838 1059 1917 Μεγα-

54 1932 173 2021 βάτης,
188 1934 244 2001 καί
258 1933 479 2019 ἐσπέρχετο
448 1936 494 1996 τοῖ
506 1924 731 2016 Ἀρισταγόρῃ.
755 1925 826 1996 όδὲ
810 1925 922 1997 {wem
944 1932 1008 1998 Σοὶ
1022 1930 1058 2000 δέ

26 2022 109 2159 ’,καὶ
128 2029 276 2099 τούτοισι
295 2042 381 2097 τοίσι
405 2027 576 2113 πρήγμασι
601 2033 635 2094 τί
653 2029 737 2108 έστις
766 2024 810 2095 06
827 2046 866 2095 σε
887 2024 1058 2097 άπέστειλε

29 2112 274 2214 Αρταφέρνης,
293 2127 369 2211 έμίο
389 2132 571 2193 πείθεσθαι
592 2126 647 2192 καὶ
661 2124 787 2196 πλείειν
803 2133 842 2214 τῇ
862 2121 906 2193 δν
922 2123 986 2213 έγοῖ
1001 2151 1058 2193 κε-

16 2227 161 2319 -γλεύιος
180 2251 212 2293 τι
207 2222 333 2295 πολλὰ
351 2225 528 2311 πρήσσεις,
553 2229 665 2291 Ταῦτα
681 2220 770 2290 είπε’
765 2225 1005 2312 Αρισταγόρης.
1038 2220 1056 2291 6

10 2312 13 2323 ¹
34 2354 41 2409 '.
54 2327 91 2392 δέ
103 2324 280 2409 θυμωθείς
292 2322 450 2442 τούτρισι,
468 2320 512 2401 ὡς
525 2319 588 2401 νύξ
602 2323 744 2409 ἐγένετο,
759 2327 883 2410 έπεμπε
898 2325 931 2403 ές
940 2325 1058 2406 Νάξον

54 2425 159 2510 πλοίῳ
174 2417 300 2506 ἄνδρας
314 2422 506 2506 φράσοντας
519 2435 605 2490 τοῖσι
621 2424 777 2503 Ναξίοισι
790 2421 900 2490 πάντα
914 2421 954 2490 τά
968 2447 1057 2510 παρ-

55 2519 153 2589 εόντα
168 2539 230 2604 σφι
243 2519 430 2606 πρήγματα.
476 2524 521 2587 Οί
532 2518 597 2605 γάρ
614 2511 662 2586 οἶν
672 2519 794 2598 Νάξιοι
809 2517 911 2588 οὐδὲν
925 2521 1059 2600 πάντας
1071 2533 1107 2587 34

51 2621 297 2702 »προσεδέκοντο
311 2622 365 2690 ἐπὶ
377 2621 482 2705 σφέας
495 2618 556 2687 τόν
570 2619 692 2687 στόλον
705 2624 827 2686 τοῦτον
839 2615 1057 2707 ὁρμήσεσθαι.

56 2718 127 2784 έπεί
145 2719 259 2802 μέντοι
279 2718 467 2802 έπύδοντο,
497 2714 617 2785 αὐτίκα
641 2717 704 2802 μὲν
725 2720 937 2803 ἐσηνείκαντο
959 2715 999 2784 τά
1022 2719 1059 2785 έκ

54 2820 122 2882 τῶν
137 2812 251 2901 άγριὸν
265 2816 299 2895 ές
312 2812 350 2882 τό
365 2829 485 2900 τεῖχος,
508 2815 850 2902 παρεσκευάσαντοδέ
865 2813 909 2894 ὡς
920 2823 1058 2901 πολιορ-

54 2915 250 3000 κησόμενοι,
265 2915 321 2983 καί
336 2927 409 2982 σίτα
423 2916 479 2983 καί
492 2911 577 2985 ποτά
593 2911 676 2983 κατά
691 2914 789 3000 τάχος
802 2915 970 2994 ἐσάξαντο.
992 2916 1059 2981 Καί

54 3004 149 3080 οὗτοι
159 3015 223 3099 μὲν
232 3013 506 3097 παρεσκευάδατο
518 3009 563 3091 αἰς
573 3015 805 3098 παρεσομένου
821 3031 882 3096 σφι
898 3012 1058 3097 πολέμου,

54 3118 89 3180 οί
100 3110 132 3179 δ’
148 3115 223 3182 ἐπεί
229 3139 266 3183 τε
276 3115 433 3200 διέβαλον
445 3115 481 3183 ἐκ
494 3119 646 3200 τήςΧίου
659 3109 718 3191 τάς
728 3114 806 3190 νέας
817 3112 850 3191 ἐς
859 3107 921 3198 τήν
930 3111 1058 3196 Νάξον,

10 3232 28 3295 ·;
53 3209 139 3295 πρός
151 3213 409 3298 πεφραγμένους
425 3217 674 3300 προσεφέροντο
690 3215 745 3282 καί
762 3207 978 3295 ἐπολιόρκεον
994 3216 1059 3297 μῆ-

42 3337 116 3390 ,νας
134 3316 299 3399 τέσσερας.
333 3311 378 3392 ὥς
399 3312 436 3380 δὲ
454 3312 496 3383 τά
516 3338 552 3383 τε
572 3318 703 3399 έχοντες
725 3303 835 3398 ήλθον
855 3310 1006 3397 χρήματα
1028 3314 1061 3379 οί

27 3442 38 3457 -·
55 3409 198 3494 Πέρσαι,
216 3417 319 3480 ταῦτα
334 3409 629 3497 καταδεδαπάνητό
644 3431 723 3496 σφι.
737 3415 793 3477 καί
806 3406 898 3499 αὐτῷ
911 3415 956 3498 τῷ
970 3406 1056 3494 Ἀρι-
