<?xml version="1.0" encoding="UTF-8"?>
<!DOCTYPE html PUBLIC "-//W3C//DTD XHTML 1.0 Transitional//EN"
    "http://www.w3.org/TR/xhtml1/DTD/xhtml1-transitional.dtd">
<html xmlns="http://www.w3.org/1999/xhtml" xml:lang="en" lang="en">
 <head>
  <title>
</title>
<meta http-equiv="Content-Type" content="text/html;charset=utf-8" />
  <meta name='ocr-system' content='tesseract 3.04.00' />
  <meta name='ocr-capabilities' content='ocr_page ocr_carea ocr_par ocr_line ocrx_word'/>
</head>
<body>
  <div class='ocr_page' id='page_1' title='image "./herodotihistori01herogoog_0027.png"; bbox 0 0 2378 3840; ppageno 0'>
   <div class='ocr_carea' id='block_1_1' title="bbox 116 201 745 267">
    <p class='ocr_par' dir='ltr' id='par_1_1' title="bbox 116 201 745 267">
     <span class='ocr_line' id='line_1_1' title="bbox 116 201 745 267; baseline -0.005 0"><span class='ocrx_word' id='word_1_1' title='bbox 116 201 158 267; x_wconf 86' lang='lat'><em>10</em></span> <span class='ocrx_word' id='word_1_2' title='bbox 492 208 745 265; x_wconf 82' lang='lat' dir='ltr'><strong>HERODOTI</strong></span> 
     </span>
    </p>
   </div>
   <div class='ocr_carea' id='block_1_2' title="bbox 65 342 1158 1301">
    <p class='ocr_par' dir='ltr' id='par_1_2' title="bbox 112 342 1158 944">
     <span class='ocr_line' id='line_1_2' title="bbox 116 342 1158 454; baseline 0.002 -20"><span class='ocrx_word' id='word_1_3' title='bbox 116 363 198 434; x_wconf 85' lang='grc' dir='ltr'><em>αὐτό</em></span> <span class='ocrx_word' id='word_1_4' title='bbox 221 374 321 436; x_wconf 84' lang='grc' dir='ltr'><em>τοῦτο</em></span> <span class='ocrx_word' id='word_1_5' title='bbox 349 373 380 434; x_wconf 79' lang='grc' dir='ltr'><em>ολ</em></span> <span class='ocrx_word' id='word_1_6' title='bbox 401 363 682 450; x_wconf 75' lang='grc' dir='ltr'><em>ἀντιθευσόμενοι</em></span> <span class='ocrx_word' id='word_1_7' title='bbox 702 361 871 452; x_wconf 79' lang='grc' dir='ltr'><strong><em>Ἑλλήνων</em></strong></span> <span class='ocrx_word' id='word_1_8' title='bbox 892 369 1029 454; x_wconf 80' lang='grc' dir='ltr'><em>ἔξεργόν</em></span> <span class='ocrx_word' id='word_1_9' title='bbox 1050 395 1116 453; x_wconf 87' lang='grc' dir='ltr'><em>μιν,</em></span> <span class='ocrx_word' id='word_1_10' title='bbox 1153 342 1158 415; x_wconf 57' lang='grc' dir='ltr'><em>δ</em></span> 
     </span>
     <span class='ocr_line' id='line_1_3' title="bbox 117 459 1117 552; baseline -0.001 -19"><span class='ocrx_word' id='word_1_11' title='bbox 117 464 262 551; x_wconf 89' lang='grc' dir='ltr'><em>φάμενοι</em></span> <span class='ocrx_word' id='word_1_12' title='bbox 288 463 330 533; x_wconf 90' lang='grc' dir='ltr'><em>οὐ</em></span> <span class='ocrx_word' id='word_1_13' title='bbox 350 463 533 552; x_wconf 81' lang='grc' dir='ltr'><em>βαρβάρων</em></span> <span class='ocrx_word' id='word_1_14' title='bbox 558 459 771 548; x_wconf 74' lang='grc' dir='ltr'><em>ἀγωνιστέων</em></span> <span class='ocrx_word' id='word_1_15' title='bbox 798 462 882 530; x_wconf 80' lang='grc' dir='ltr'><em>εἶναι</em></span> <span class='ocrx_word' id='word_1_16' title='bbox 906 462 967 532; x_wconf 83' lang='grc' dir='ltr'><em>τόν</em></span> <span class='ocrx_word' id='word_1_17' title='bbox 993 463 1117 552; x_wconf 80' lang='grc' dir='ltr'><em>ἀγῶνα,</em></span> 
     </span>
     <span class='ocr_line' id='line_1_4' title="bbox 116 560 1116 652; baseline 0 -18"><span class='ocrx_word' id='word_1_18' title='bbox 116 562 196 634; x_wconf 73' lang='grc' dir='ltr'><em>ἀλλ’</em></span> <span class='ocrx_word' id='word_1_19' title='bbox 209 563 387 652; x_wconf 81' lang='grc' dir='ltr'><em>Ἑλλήνων.</em></span> <span class='ocrx_word' id='word_1_20' title='bbox 428 561 643 649; x_wconf 87' lang='grc' dir='ltr'><em>Ἀλέξανδρος</em></span> <span class='ocrx_word' id='word_1_21' title='bbox 656 565 693 630; x_wconf 71' lang='grc' dir='ltr'><em>δέ</em></span> <span class='ocrx_word' id='word_1_22' title='bbox 707 560 819 650; x_wconf 79' lang='grc' dir='ltr'><em>ἐπειδὴ</em></span> <span class='ocrx_word' id='word_1_23' title='bbox 835 561 987 652; x_wconf 81' lang='grc' dir='ltr'><em>ἀπέδεξε,</em></span> <span class='ocrx_word' id='word_1_24' title='bbox 1009 563 1055 648; x_wconf 79' lang='grc' dir='ltr'><em>ὡς</em></span> <span class='ocrx_word' id='word_1_25' title='bbox 1072 574 1116 652; x_wconf 82' lang='grc' dir='ltr'><em>ελη</em></span> 
     </span>
     <span class='ocr_line' id='line_1_5' title="bbox 112 658 1117 750; baseline 0.001 -21"><span class='ocrx_word' id='word_1_26' title='bbox 112 659 272 749; x_wconf 77' lang='grc' dir='ltr'><em>Ἀργεῖος,</em></span> <span class='ocrx_word' id='word_1_27' title='bbox 288 664 406 749; x_wconf 79' lang='grc' dir='ltr'><em>ἐκρίθη</em></span> <span class='ocrx_word' id='word_1_28' title='bbox 420 687 456 729; x_wconf 94' lang='grc' dir='ltr'><em>τε</em></span> <span class='ocrx_word' id='word_1_29' title='bbox 467 659 552 729; x_wconf 78' lang='grc' dir='ltr'><em>εἶναι</em></span> <span class='ocrx_word' id='word_1_30' title='bbox 560 658 699 748; x_wconf 82' lang='grc' dir='ltr'><em>Ἕλλην,</em></span> <span class='ocrx_word' id='word_1_31' title='bbox 714 663 770 730; x_wconf 80' lang='grc' dir='ltr'><em>καὶ</em></span> <span class='ocrx_word' id='word_1_32' title='bbox 780 659 1024 750; x_wconf 80' lang='grc' dir='ltr'><em>ἀγωνιζόμενος</em></span> <span class='ocrx_word' id='word_1_33' title='bbox 1038 660 1117 730; x_wconf 81' lang='grc' dir='ltr'><em>στά·</em></span> 
     </span>
     <span class='ocr_line' id='line_1_6' title="bbox 115 759 1158 852; baseline 0 -23"><span class='ocrx_word' id='word_1_34' title='bbox 115 766 190 829; x_wconf 90' lang='grc' dir='ltr'><em>διον</em></span> <span class='ocrx_word' id='word_1_35' title='bbox 211 761 428 842; x_wconf 80' lang='grc' dir='ltr'><em>συνεξέπιπτε</em></span> <span class='ocrx_word' id='word_1_36' title='bbox 448 766 494 851; x_wconf 73' lang='grc' dir='ltr'><em>τῷ</em></span> <span class='ocrx_word' id='word_1_37' title='bbox 514 760 645 852; x_wconf 74' lang='grc' dir='ltr'><em>προέτω.</em></span> <span class='ocrx_word' id='word_1_38' title='bbox 669 767 773 828; x_wconf 82' lang='grc' dir='ltr'><em>ταῦτα</em></span> <span class='ocrx_word' id='word_1_39' title='bbox 794 763 857 848; x_wconf 89' lang='grc' dir='ltr'><em>μέν</em></span> <span class='ocrx_word' id='word_1_40' title='bbox 877 787 944 829; x_wconf 86' lang='grc' dir='ltr'><em>νυν</em></span> <span class='ocrx_word' id='word_1_41' title='bbox 965 759 1056 830; x_wconf 80' lang='grc' dir='ltr'><em>οὕτω</em></span> <span class='ocrx_word' id='word_1_42' title='bbox 1078 789 1116 850; x_wconf 82' lang='grc' dir='ltr'><em>κη</em></span> <span class='ocrx_word' id='word_1_43' title='bbox 1155 764 1158 769; x_wconf 72' lang='grc'>’</span> 
     </span>
     <span class='ocr_line' id='line_1_7' title="bbox 114 862 254 944; baseline 0 -18"><span class='ocrx_word' id='word_1_44' title='bbox 114 862 254 944; x_wconf 73' lang='grc' dir='ltr'><em>ἐγένετο.</em></span> 
     </span>
    </p>

    <p class='ocr_par' dir='ltr' id='par_1_3' title="bbox 65 955 1155 1263">
     <span class='ocr_line' id='line_1_8' title="bbox 65 955 1155 1044; baseline 0.007 -24"><span class='ocrx_word' id='word_1_45' title='bbox 65 967 100 1020; x_wconf 78' lang='lat'><em>23</em></span> <span class='ocrx_word' id='word_1_46' title='bbox 198 955 398 1044; x_wconf 76' lang='grc' dir='ltr'><em>Μεγάβαζος</em></span> <span class='ocrx_word' id='word_1_47' title='bbox 412 959 448 1024; x_wconf 89' lang='grc' dir='ltr'><em>δ</em></span> <span class='ocrx_word' id='word_1_48' title='bbox 465 955 559 1043; x_wconf 85' lang='grc' dir='ltr'><em>ἀγων</em></span> <span class='ocrx_word' id='word_1_49' title='bbox 574 955 654 1037; x_wconf 89' lang='grc' dir='ltr'><em>τούς</em></span> <span class='ocrx_word' id='word_1_50' title='bbox 669 962 819 1038; x_wconf 89' lang='grc' dir='ltr'><em>Παίονας</em></span> <span class='ocrx_word' id='word_1_51' title='bbox 833 957 967 1028; x_wconf 76' lang='grc' dir='ltr'><em>ἀπίκετο</em></span> <span class='ocrx_word' id='word_1_52' title='bbox 988 961 1042 1029; x_wconf 80' lang='grc' dir='ltr'><em>έπί</em></span> <span class='ocrx_word' id='word_1_53' title='bbox 1058 958 1155 1029; x_wconf 78' lang='grc' dir='ltr'><em>τόν.</em></span> 
     </span>
     <span class='ocr_line' id='line_1_9' title="bbox 107 1053 1140 1161; baseline -0.001 -35.995"><span class='ocrx_word' id='word_1_54' title='bbox 107 1053 370 1144; x_wconf 74' lang='grc' dir='ltr'><em>Ἑλλήσποντον,</em></span> <span class='ocrx_word' id='word_1_55' title='bbox 399 1058 560 1124; x_wconf 80' lang='grc' dir='ltr'><em>ἐνθεῦτεν</em></span> <span class='ocrx_word' id='word_1_56' title='bbox 584 1057 620 1124; x_wconf 77' lang='grc' dir='ltr'><em>δέ</em></span> <span class='ocrx_word' id='word_1_57' title='bbox 645 1060 901 1142; x_wconf 75' lang='grc' dir='ltr'><em>διαπεραιωθεὶς</em></span> <span class='ocrx_word' id='word_1_58' title='bbox 921 1054 1115 1136; x_wconf 83' lang='grc' dir='ltr'><em>ἀπίκετοές</em></span> <span class='ocrx_word' id='word_1_59' title='bbox 1101 1083 1140 1161; x_wconf 56' lang='grc' dir='ltr'><em>ς,</em></span> 
     </span>
     <span class='ocr_line' id='line_1_10' title="bbox 112 1152 1143 1301; baseline -0.004 -77"><span class='ocrx_word' id='word_1_60' title='bbox 112 1154 248 1242; x_wconf 83' lang='grc' dir='ltr'><em>Σάρδις.</em></span> <span class='ocrx_word' id='word_1_61' title='bbox 279 1152 337 1221; x_wconf 85' lang='grc' dir='ltr'><em>άτε</em></span> <span class='ocrx_word' id='word_1_62' title='bbox 358 1154 393 1221; x_wconf 74' lang='grc' dir='ltr'><em>δὲ</em></span> <span class='ocrx_word' id='word_1_63' title='bbox 412 1156 594 1239; x_wconf 80' lang='grc' dir='ltr'><em>τειχέοντος</em></span> <span class='ocrx_word' id='word_1_64' title='bbox 613 1153 677 1241; x_wconf 83' lang='grc' dir='ltr'><em>ἤδη</em></span> <span class='ocrx_word' id='word_1_65' title='bbox 692 1152 848 1223; x_wconf 88' lang='grc' dir='ltr'><em>Ιστιαίον</em></span> <span class='ocrx_word' id='word_1_66' title='bbox 868 1182 930 1222; x_wconf 89' lang='grc' dir='ltr'><em>τον</em></span> <span class='ocrx_word' id='word_1_67' title='bbox 915 1160 1114 1240; x_wconf 78' lang='grc' dir='ltr'><em>Μιλησίου</em></span> <span class='ocrx_word' id='word_1_68' title='bbox 1133 1192 1143 1301; x_wconf 67' lang='grc' dir='ltr'><em>ή</em></span> 
     </span>
    </p>
   </div>
   <div class='ocr_carea' id='block_1_3' title="bbox 63 1256 1158 3510">
    <p class='ocr_par' dir='ltr' id='par_1_4' title="bbox 111 1256 1158 1650">
     <span class='ocr_line' id='line_1_11' title="bbox 111 1256 1158 1380; baseline -0.006 -50"><span class='ocrx_word' id='word_1_69' title='bbox 111 1259 173 1379; x_wconf 72' lang='grc' dir='ltr'><em>τήν</em></span> <span class='ocrx_word' id='word_1_70' title='bbox 190 1258 278 1350; x_wconf 88' lang='grc' dir='ltr'><em>παρά</em></span> <span class='ocrx_word' id='word_1_71' title='bbox 295 1267 442 1350; x_wconf 86' lang='grc' dir='ltr'><em>Λαρείον</em></span> <span class='ocrx_word' id='word_1_72' title='bbox 460 1258 595 1347; x_wconf 74' lang='grc' dir='ltr'><em>αἰτήσας</em></span> <span class='ocrx_word' id='word_1_73' title='bbox 612 1256 870 1380; x_wconf 76' lang='grc' dir='ltr'><em>έτηχεὸωρεήν</em></span> <span class='ocrx_word' id='word_1_74' title='bbox 866 1262 991 1329; x_wconf 83' lang='grc' dir='ltr'><em>κισθόν</em></span> <span class='ocrx_word' id='word_1_75' title='bbox 1005 1267 1143 1344; x_wconf 75' lang='grc' dir='ltr'><em>ιμυλοι·Ι</em></span> <span class='ocrx_word' id='word_1_76' title='bbox 1156 1276 1158 1281; x_wconf 86' lang='grc'><strong>’</strong></span> 
     </span>
     <span class='ocr_line' id='line_1_12' title="bbox 112 1354 1158 1482; baseline -0.006 -51"><span class='ocrx_word' id='word_1_77' title='bbox 112 1364 170 1448; x_wconf 82' lang='grc' dir='ltr'><em>κής</em></span> <span class='ocrx_word' id='word_1_78' title='bbox 181 1364 239 1450; x_wconf 80' lang='grc' dir='ltr'><em>τῆς</em></span> <span class='ocrx_word' id='word_1_79' title='bbox 251 1366 395 1449; x_wconf 81' lang='grc' dir='ltr'><em>σχεδίης,</em></span> <span class='ocrx_word' id='word_1_80' title='bbox 410 1360 530 1482; x_wconf 78' lang='grc' dir='ltr'><em>ἐόντος</em></span> <span class='ocrx_word' id='word_1_81' title='bbox 534 1361 571 1430; x_wconf 76' lang='grc' dir='ltr'><em>δέ</em></span> <span class='ocrx_word' id='word_1_82' title='bbox 584 1362 643 1430; x_wconf 85' lang='grc' dir='ltr'><em>τού</em></span> <span class='ocrx_word' id='word_1_83' title='bbox 655 1355 765 1447; x_wconf 86' lang='grc' dir='ltr'><em>χόρου</em></span> <span class='ocrx_word' id='word_1_84' title='bbox 774 1356 892 1430; x_wconf 87' lang='grc' dir='ltr'><em>τούτον</em></span> <span class='ocrx_word' id='word_1_85' title='bbox 904 1385 993 1446; x_wconf 85' lang='grc' dir='ltr'><em>παρα</em></span> <span class='ocrx_word' id='word_1_86' title='bbox 982 1355 1140 1480; x_wconf 73' lang='grc' dir='ltr'><em>Στρν1</em></span> <span class='ocrx_word' id='word_1_87' title='bbox 1156 1354 1158 1370; x_wconf 88' lang='lat'>&#39;</span> 
     </span>
     <span class='ocr_line' id='line_1_13' title="bbox 112 1450 1158 1553; baseline -0.007 -21"><span class='ocrx_word' id='word_1_88' title='bbox 112 1460 198 1551; x_wconf 90' lang='grc' dir='ltr'><em>μόνοι</em></span> <span class='ocrx_word' id='word_1_89' title='bbox 226 1457 389 1550; x_wconf 82' lang='grc' dir='ltr'><em>ποταμόν,</em></span> <span class='ocrx_word' id='word_1_90' title='bbox 418 1463 464 1553; x_wconf 77' lang='grc' dir='ltr'><em>τῷ</em></span> <span class='ocrx_word' id='word_1_91' title='bbox 488 1457 616 1548; x_wconf 86' lang='grc' dir='ltr'><em>οὐνομά</em></span> <span class='ocrx_word' id='word_1_92' title='bbox 646 1462 713 1529; x_wconf 81' lang='grc' dir='ltr'><em>ἐστι</em></span> <span class='ocrx_word' id='word_1_93' title='bbox 736 1456 926 1548; x_wconf 88' lang='grc' dir='ltr'><em>Μύρκινος,</em></span> <span class='ocrx_word' id='word_1_94' title='bbox 953 1450 1138 1546; x_wconf 81' lang='grc' dir='ltr'><em>μαθόινδ</em></span> <span class='ocrx_word' id='word_1_95' title='bbox 1156 1464 1158 1469; x_wconf 77' lang='grc'>’</span> 
     </span>
     <span class='ocr_line' id='line_1_14' title="bbox 117 1548 1112 1650; baseline -0.007 -17.972"><span class='ocrx_word' id='word_1_96' title='bbox 117 1559 309 1650; x_wconf 72' lang='grc' dir='ltr'><em>Μεγάβαζος</em></span> <span class='ocrx_word' id='word_1_97' title='bbox 337 1558 374 1630; x_wconf 84' lang='grc' dir='ltr'><em>τό</em></span> <span class='ocrx_word' id='word_1_98' title='bbox 397 1558 595 1648; x_wconf 85' lang='grc' dir='ltr'><em>ποιεόμενον</em></span> <span class='ocrx_word' id='word_1_99' title='bbox 619 1562 654 1628; x_wconf 89' lang='grc' dir='ltr'><em>έκ</em></span> <span class='ocrx_word' id='word_1_100' title='bbox 678 1561 737 1627; x_wconf 82' lang='grc' dir='ltr'><em>τοῦ</em></span> <span class='ocrx_word' id='word_1_101' title='bbox 762 1553 932 1639; x_wconf 88' lang='grc' dir='ltr'><em>Ιστιαίον,</em></span> <span class='ocrx_word' id='word_1_102' title='bbox 963 1583 1008 1637; x_wconf 91' lang='grc' dir='ltr'><em>ως</em></span> <span class='ocrx_word' id='word_1_103' title='bbox 1030 1548 1112 1643; x_wconf 76' lang='grc' dir='ltr'><em>ἦλθε</em></span> 
     </span>
    </p>

    <p class='ocr_par' dir='ltr' id='par_1_5' title="bbox 112 1658 1158 2237">
     <span class='ocr_line' id='line_1_15' title="bbox 113 1658 1158 1749; baseline -0.008 -19"><span class='ocrx_word' id='word_1_104' title='bbox 113 1662 248 1749; x_wconf 85' lang='grc' dir='ltr'><em>τάχιστα</em></span> <span class='ocrx_word' id='word_1_105' title='bbox 261 1659 343 1742; x_wconf 89' lang='grc' dir='ltr'><em>ές</em></span> <span class='ocrx_word' id='word_1_106' title='bbox 304 1688 364 1741; x_wconf 90' lang='grc' dir='ltr'><em>τας</em></span> <span class='ocrx_word' id='word_1_107' title='bbox 372 1658 534 1747; x_wconf 87' lang='grc' dir='ltr'><em>Σαρδις</em></span> <span class='ocrx_word' id='word_1_108' title='bbox 511 1685 605 1745; x_wconf 87' lang='grc' dir='ltr'><em>αγων</em></span> <span class='ocrx_word' id='word_1_109' title='bbox 615 1685 693 1736; x_wconf 87' lang='grc' dir='ltr'><em>τους</em></span> <span class='ocrx_word' id='word_1_110' title='bbox 704 1663 971 1745; x_wconf 84' lang='grc' dir='ltr'><em>Παίονας,έλεγε</em></span> <span class='ocrx_word' id='word_1_111' title='bbox 982 1663 1138 1748; x_wconf 79' lang='grc' dir='ltr'><em>Δαρείω</em></span> <span class='ocrx_word' id='word_1_112' title='bbox 1156 1693 1158 1722; x_wconf 87' lang='grc'><strong>;</strong></span> 
     </span>
     <span class='ocr_line' id='line_1_16' title="bbox 112 1752 1158 1847; baseline -0.004 -20"><span class='ocrx_word' id='word_1_113' title='bbox 112 1761 208 1827; x_wconf 84' lang='grc' dir='ltr'><em>τάδε·</em></span> <span class='ocrx_word' id='word_1_114' title='bbox 235 1752 276 1826; x_wconf 72' lang='grc' dir='ltr'><em>Ὦ</em></span> <span class='ocrx_word' id='word_1_115' title='bbox 292 1765 442 1847; x_wconf 81' lang='grc' dir='ltr'><em>βασιλεῦ,</em></span> <span class='ocrx_word' id='word_1_116' title='bbox 458 1757 555 1825; x_wconf 77' lang='grc' dir='ltr'><em>κοῖόν</em></span> <span class='ocrx_word' id='word_1_117' title='bbox 568 1784 599 1825; x_wconf 86' lang='grc' dir='ltr'><em>τι</em></span> <span class='ocrx_word' id='word_1_118' title='bbox 600 1757 721 1844; x_wconf 79' lang='grc' dir='ltr'><em>χρῆμα</em></span> <span class='ocrx_word' id='word_1_119' title='bbox 736 1759 908 1843; x_wconf 79' lang='grc' dir='ltr'><em>ἐποίησας,</em></span> <span class='ocrx_word' id='word_1_120' title='bbox 923 1752 1022 1840; x_wconf 83' lang='grc' dir='ltr'><em>ἀνδρὶ</em></span> <span class='ocrx_word' id='word_1_121' title='bbox 1040 1752 1115 1823; x_wconf 83' lang='grc' dir='ltr'><em>Ἕλ·</em></span> <span class='ocrx_word' id='word_1_122' title='bbox 1156 1784 1158 1793; x_wconf 93' lang='grc'><em>·</em></span> 
     </span>
     <span class='ocr_line' id='line_1_17' title="bbox 112 1852 1158 1947; baseline -0.005 -23"><span class='ocrx_word' id='word_1_123' title='bbox 112 1865 189 1941; x_wconf 90' lang='grc' dir='ltr'><em>ληνι</em></span> <span class='ocrx_word' id='word_1_124' title='bbox 216 1858 316 1947; x_wconf 76' lang='grc' dir='ltr'><em>δεινῷ</em></span> <span class='ocrx_word' id='word_1_125' title='bbox 340 1882 376 1925; x_wconf 89' lang='grc' dir='ltr'><em>τε</em></span> <span class='ocrx_word' id='word_1_126' title='bbox 401 1859 457 1924; x_wconf 79' lang='grc' dir='ltr'><em>καὶ</em></span> <span class='ocrx_word' id='word_1_127' title='bbox 482 1862 577 1946; x_wconf 75' lang='grc' dir='ltr'><em>σοφῷ</em></span> <span class='ocrx_word' id='word_1_128' title='bbox 598 1852 680 1933; x_wconf 88' lang='grc' dir='ltr'><em>δούς</em></span> <span class='ocrx_word' id='word_1_129' title='bbox 704 1854 929 1940; x_wconf 87' lang='grc' dir='ltr'><em>έγκτήσασθαι</em></span> <span class='ocrx_word' id='word_1_130' title='bbox 952 1852 1054 1920; x_wconf 88' lang='grc' dir='ltr'><em>πόλιν</em></span> <span class='ocrx_word' id='word_1_131' title='bbox 1084 1853 1158 1919; x_wconf 70' lang='grc' dir='ltr'><em>ένιι</em></span> 
     </span>
     <span class='ocr_line' id='line_1_18' title="bbox 113 1949 1137 2042; baseline -0.006 -19"><span class='ocrx_word' id='word_1_132' title='bbox 113 1959 259 2042; x_wconf 80' lang='grc' dir='ltr'><em>Θρηίκη,</em></span> <span class='ocrx_word' id='word_1_133' title='bbox 274 1954 332 2021; x_wconf 78' lang='grc' dir='ltr'><em>ἵνα</em></span> <span class='ocrx_word' id='word_1_134' title='bbox 343 1956 396 2042; x_wconf 84' lang='grc' dir='ltr'><em>ίδη</em></span> <span class='ocrx_word' id='word_1_135' title='bbox 408 1981 443 2021; x_wconf 86' lang='grc' dir='ltr'><em>τε</em></span> <span class='ocrx_word' id='word_1_136' title='bbox 457 1953 711 2040; x_wconf 87' lang='grc' dir='ltr'><em>νανπηγήοιμός</em></span> <span class='ocrx_word' id='word_1_137' title='bbox 721 1957 789 2020; x_wconf 79' lang='grc' dir='ltr'><em>ἐστι</em></span> <span class='ocrx_word' id='word_1_138' title='bbox 802 1949 957 2038; x_wconf 76' lang='grc' dir='ltr'><em>ἄφθονος</em></span> <span class='ocrx_word' id='word_1_139' title='bbox 968 1953 1024 2018; x_wconf 79' lang='grc' dir='ltr'><em>καί</em></span> <span class='ocrx_word' id='word_1_140' title='bbox 1035 1958 1114 2018; x_wconf 89' lang='grc' dir='ltr'><em>πολ·</em></span> <span class='ocrx_word' id='word_1_141' title='bbox 1133 1966 1137 2031; x_wconf 67' lang='grc' dir='ltr'>ξ</span> 
     </span>
     <span class='ocr_line' id='line_1_19' title="bbox 113 2045 1137 2203; baseline -0.006 -83"><span class='ocrx_word' id='word_1_142' title='bbox 113 2053 166 2120; x_wconf 80' lang='grc' dir='ltr'><em>λοὶ</em></span> <span class='ocrx_word' id='word_1_143' title='bbox 180 2052 306 2130; x_wconf 81' lang='grc' dir='ltr'><em>κωπέες</em></span> <span class='ocrx_word' id='word_1_144' title='bbox 320 2053 375 2120; x_wconf 79' lang='grc' dir='ltr'><em>καὶ</em></span> <span class='ocrx_word' id='word_1_145' title='bbox 389 2053 532 2138; x_wconf 87' lang='grc' dir='ltr'><em>μέταλλα</em></span> <span class='ocrx_word' id='word_1_146' title='bbox 547 2049 712 2138; x_wconf 82' lang='grc' dir='ltr'><em>ἀργύρεα,</em></span> <span class='ocrx_word' id='word_1_147' title='bbox 734 2049 850 2136; x_wconf 81' lang='grc' dir='ltr'><em>ὅμιλός</em></span> <span class='ocrx_word' id='word_1_148' title='bbox 869 2076 904 2119; x_wconf 86' lang='grc' dir='ltr'><em>τε</em></span> <span class='ocrx_word' id='word_1_149' title='bbox 919 2045 1042 2126; x_wconf 86' lang='grc' dir='ltr'><em>πολλός</em></span> <span class='ocrx_word' id='word_1_150' title='bbox 1048 2046 1137 2203; x_wconf 77' lang='grc' dir='ltr'><em>μένή</em></span> 
     </span>
     <span class='ocr_line' id='line_1_20' title="bbox 112 2144 1115 2237; baseline -0.006 -19"><span class='ocrx_word' id='word_1_151' title='bbox 112 2144 234 2234; x_wconf 79' lang='grc' dir='ltr'><em>Ἕλλην</em></span> <span class='ocrx_word' id='word_1_152' title='bbox 251 2155 447 2237; x_wconf 81' lang='grc' dir='ltr'><em>περιοικέει,</em></span> <span class='ocrx_word' id='word_1_153' title='bbox 469 2147 592 2229; x_wconf 84' lang='grc' dir='ltr'><em>πολλὸς</em></span> <span class='ocrx_word' id='word_1_154' title='bbox 614 2150 650 2218; x_wconf 85' lang='grc' dir='ltr'><em>δε</em></span> <span class='ocrx_word' id='word_1_155' title='bbox 670 2149 914 2236; x_wconf 73' lang='grc' dir='ltr'><em>βάρβαρος,“</em></span> <span class='ocrx_word' id='word_1_156' title='bbox 878 2174 911 2216; x_wconf 90' lang='grc' dir='ltr'><em>οι</em></span> <span class='ocrx_word' id='word_1_157' title='bbox 925 2147 1115 2233; x_wconf 79' lang='grc' dir='ltr'><em>προστάτεω</em></span> 
     </span>
    </p>

    <p class='ocr_par' dir='ltr' id='par_1_6' title="bbox 111 2234 1158 2730">
     <span class='ocr_line' id='line_1_21' title="bbox 112 2234 1133 2339; baseline -0.005 -20"><span class='ocrx_word' id='word_1_158' title='bbox 112 2248 348 2335; x_wconf 80' lang='grc' dir='ltr'><em>ἐπιλαβόμενοι</em></span> <span class='ocrx_word' id='word_1_159' title='bbox 364 2251 543 2339; x_wconf 82' lang='grc' dir='ltr'><em>ποιήσουσι</em></span> <span class='ocrx_word' id='word_1_160' title='bbox 558 2258 675 2335; x_wconf 81' lang='grc' dir='ltr'><em>τοῦτο,</em></span> <span class='ocrx_word' id='word_1_161' title='bbox 695 2246 733 2317; x_wconf 81' lang='grc' dir='ltr'><em>τό</em></span> <span class='ocrx_word' id='word_1_162' title='bbox 750 2244 794 2315; x_wconf 87' lang='grc' dir='ltr'><em>ἀν</em></span> <span class='ocrx_word' id='word_1_163' title='bbox 808 2249 932 2326; x_wconf 79' lang='grc' dir='ltr'><em>ἐκεῖνος</em></span> <span class='ocrx_word' id='word_1_164' title='bbox 947 2234 1133 2334; x_wconf 52' lang='grc' dir='ltr'><em>έξηγέητωδ.</em></span> 
     </span>
     <span class='ocr_line' id='line_1_22' title="bbox 112 2343 1129 2435; baseline -0.005 -18"><span class='ocrx_word' id='word_1_165' title='bbox 112 2351 168 2417; x_wconf 81' lang='grc' dir='ltr'><em>καί</em></span> <span class='ocrx_word' id='word_1_166' title='bbox 182 2345 305 2435; x_wconf 79' lang='grc' dir='ltr'><em>ἡμέρης</em></span> <span class='ocrx_word' id='word_1_167' title='bbox 319 2351 375 2418; x_wconf 86' lang='grc' dir='ltr'><em>καὶ</em></span> <span class='ocrx_word' id='word_1_168' title='bbox 390 2351 528 2433; x_wconf 84' lang='grc' dir='ltr'><em>ννκτός;</em></span> <span class='ocrx_word' id='word_1_169' title='bbox 551 2351 595 2418; x_wconf 89' lang='grc' dir='ltr'><em>σύ</em></span> <span class='ocrx_word' id='word_1_170' title='bbox 609 2375 676 2418; x_wconf 86' lang='grc' dir='ltr'><em>νον</em></span> <span class='ocrx_word' id='word_1_171' title='bbox 689 2356 811 2416; x_wconf 82' lang='grc' dir='ltr'><em>τοῦτον</em></span> <span class='ocrx_word' id='word_1_172' title='bbox 830 2343 891 2414; x_wconf 85' lang='grc' dir='ltr'><em>τόν</em></span> <span class='ocrx_word' id='word_1_173' title='bbox 906 2343 1014 2432; x_wconf 84' lang='grc' dir='ltr'><em>ἀνδρα</em></span> <span class='ocrx_word' id='word_1_174' title='bbox 1028 2353 1129 2413; x_wconf 78' lang='grc' dir='ltr'><em>παῦ-ι</em></span> 
     </span>
     <span class='ocr_line' id='line_1_23' title="bbox 112 2436 1129 2565; baseline -0.003 -51"><span class='ocrx_word' id='word_1_175' title='bbox 112 2468 176 2514; x_wconf 93' lang='grc' dir='ltr'><em>σον</em></span> <span class='ocrx_word' id='word_1_176' title='bbox 195 2452 299 2513; x_wconf 85' lang='grc' dir='ltr'><em>ταῦτα</em></span> <span class='ocrx_word' id='word_1_177' title='bbox 320 2455 496 2534; x_wconf 83' lang='grc' dir='ltr'><em>ποιεῦντα,</em></span> <span class='ocrx_word' id='word_1_178' title='bbox 527 2451 585 2516; x_wconf 91' lang='grc' dir='ltr'><em>ινα</em></span> <span class='ocrx_word' id='word_1_179' title='bbox 610 2446 654 2535; x_wconf 83' lang='grc' dir='ltr'><em>μή</em></span> <span class='ocrx_word' id='word_1_180' title='bbox 680 2453 781 2537; x_wconf 86' lang='grc' dir='ltr'><em>οίίκη</em></span> <span class='ocrx_word' id='word_1_181' title='bbox 770 2473 796 2513; x_wconf 90' lang='grc' dir='ltr'><em>ω</em></span> <span class='ocrx_word' id='word_1_182' title='bbox 820 2447 953 2536; x_wconf 85' lang='grc' dir='ltr'><em>κολέμω</em></span> <span class='ocrx_word' id='word_1_183' title='bbox 979 2436 1129 2565; x_wconf 74' lang='grc' dir='ltr'><em>σννέχηή</em></span> 
     </span>
     <span class='ocr_line' id='line_1_24' title="bbox 112 2540 1158 2636; baseline -0.002 -26"><span class='ocrx_word' id='word_1_184' title='bbox 112 2545 225 2632; x_wconf 87' lang='grc' dir='ltr'><em>τρόπω</em></span> <span class='ocrx_word' id='word_1_185' title='bbox 240 2540 373 2636; x_wconf 77' lang='grc' dir='ltr'><em>δέήπίω</em></span> <span class='ocrx_word' id='word_1_186' title='bbox 384 2546 840 2633; x_wconf 78' lang='grc' dir='ltr'><em>μεταπεμψάμενοςπαύσον</em></span> <span class='ocrx_word' id='word_1_187' title='bbox 853 2540 955 2611; x_wconf 85' lang='grc' dir='ltr'><em>έπεάν</em></span> <span class='ocrx_word' id='word_1_188' title='bbox 965 2541 1058 2609; x_wconf 82' lang='grc' dir='ltr'><em>δέ’</em></span> <span class='ocrx_word' id='word_1_189' title='bbox 1014 2568 1117 2610; x_wconf 81' lang='grc' dir='ltr'><em>αὐτον</em></span> <span class='ocrx_word' id='word_1_190' title='bbox 1156 2558 1158 2607; x_wconf 68' lang='grc' dir='ltr'><em>ι</em></span> 
     </span>
     <span class='ocr_line' id='line_1_25' title="bbox 111 2634 1158 2730; baseline 0.003 -20"><span class='ocrx_word' id='word_1_191' title='bbox 111 2642 310 2730; x_wconf 77' lang='grc' dir='ltr'><em>περιλάβῃς,</em></span> <span class='ocrx_word' id='word_1_192' title='bbox 339 2641 532 2729; x_wconf 77' lang='grc' dir='ltr'><em>ποιέειν,”</em></span> <span class='ocrx_word' id='word_1_193' title='bbox 509 2670 597 2722; x_wconf 92' lang='grc' dir='ltr'><em>οκως</em></span> <span class='ocrx_word' id='word_1_194' title='bbox 617 2652 733 2730; x_wconf 85' lang='grc' dir='ltr'><em>μηκέτι</em></span> <span class='ocrx_word' id='word_1_195' title='bbox 757 2645 882 2719; x_wconf 76' lang='grc' dir='ltr'><em>ἐκεῖνος</em></span> <span class='ocrx_word' id='word_1_196' title='bbox 908 2643 941 2720; x_wconf 89' lang='grc' dir='ltr'><em>ές</em></span> <span class='ocrx_word' id='word_1_197' title='bbox 956 2638 1119 2728; x_wconf 73' lang='grc' dir='ltr'><em>Ἕλληνας</em></span> <span class='ocrx_word' id='word_1_198' title='bbox 1155 2634 1158 2728; x_wconf 66' lang='grc' dir='ltr'>ξ</span> 
     </span>
    </p>

    <p class='ocr_par' dir='ltr' id='par_1_7' title="bbox 63 2737 1158 2928">
     <span class='ocr_line' id='line_1_26' title="bbox 63 2737 1158 2858; baseline -0.01 -44"><span class='ocrx_word' id='word_1_199' title='bbox 63 2759 98 2814; x_wconf 77' lang='lat'><em>24</em></span> <span class='ocrx_word' id='word_1_200' title='bbox 112 2741 269 2822; x_wconf 82' lang='grc' dir='ltr'><em>ἀπίξεται.</em></span> <span class='ocrx_word' id='word_1_201' title='bbox 318 2747 431 2807; x_wconf 87' lang='grc' dir='ltr'><em>Ταῦτα</em></span> <span class='ocrx_word' id='word_1_202' title='bbox 446 2738 588 2827; x_wconf 82' lang='grc' dir='ltr'><em>λέγωνό</em></span> <span class='ocrx_word' id='word_1_203' title='bbox 604 2741 803 2858; x_wconf 80' lang='grc' dir='ltr'><em>Μεγάβαζος</em></span> <span class='ocrx_word' id='word_1_204' title='bbox 819 2737 981 2817; x_wconf 85' lang='grc' dir='ltr'><em>εὐπετέως</em></span> <span class='ocrx_word' id='word_1_205' title='bbox 1003 2744 1123 2807; x_wconf 76' lang='grc' dir='ltr'><em>ἔπειθε</em></span> <span class='ocrx_word' id='word_1_206' title='bbox 1155 2760 1158 2803; x_wconf 78' lang='grc' dir='ltr'><em>ι</em></span> 
     </span>
     <span class='ocr_line' id='line_1_27' title="bbox 112 2831 1136 2931; baseline -0.008 -22"><span class='ocrx_word' id='word_1_207' title='bbox 112 2851 277 2928; x_wconf 80' lang='grc' dir='ltr'><em>Δαρεῖον,</em></span> <span class='ocrx_word' id='word_1_208' title='bbox 296 2835 341 2917; x_wconf 82' lang='grc' dir='ltr'><em>ὡς</em></span> <span class='ocrx_word' id='word_1_209' title='bbox 356 2863 395 2905; x_wconf 89' lang='grc' dir='ltr'><em>εν</em></span> <span class='ocrx_word' id='word_1_210' title='bbox 382 2831 584 2926; x_wconf 86' lang='grc' dir='ltr'><em>προορέων</em></span> <span class='ocrx_word' id='word_1_211' title='bbox 600 2864 637 2905; x_wconf 88' lang='grc' dir='ltr'><em>το</em></span> <span class='ocrx_word' id='word_1_212' title='bbox 626 2834 775 2923; x_wconf 90' lang='grc' dir='ltr'><em>μέλλον</em></span> <span class='ocrx_word' id='word_1_213' title='bbox 789 2843 954 2923; x_wconf 88' lang='grc' dir='ltr'><em>γίνεσθαι.</em></span> <span class='ocrx_word' id='word_1_214' title='bbox 982 2862 1069 2921; x_wconf 87' lang='grc' dir='ltr'><em>μετα</em></span> <span class='ocrx_word' id='word_1_215' title='bbox 1055 2833 1136 2931; x_wconf 68' lang='grc' dir='ltr'><em>’,δέ</em></span> 
     </span>
    </p>

    <p class='ocr_par' dir='ltr' id='par_1_8' title="bbox 81 2930 1134 3415">
     <span class='ocr_line' id='line_1_28' title="bbox 113 2930 1132 3023; baseline -0.005 -18"><span class='ocrx_word' id='word_1_216' title='bbox 113 2934 258 3023; x_wconf 85' lang='grc' dir='ltr'><em>ἀγγελον</em></span> <span class='ocrx_word' id='word_1_217' title='bbox 270 2939 402 3022; x_wconf 79' lang='grc' dir='ltr'><em>πέμψας</em></span> <span class='ocrx_word' id='word_1_218' title='bbox 415 2963 433 3003; x_wconf 96' lang='grc' dir='ltr'><em>ο</em></span> <span class='ocrx_word' id='word_1_219' title='bbox 420 2932 589 3022; x_wconf 69' lang='grc' dir='ltr'><em>’Δαρεῖος</em></span> <span class='ocrx_word' id='word_1_220' title='bbox 605 2930 688 3013; x_wconf 84' lang='grc' dir='ltr'><em>ές</em></span> <span class='ocrx_word' id='word_1_221' title='bbox 652 2959 715 3021; x_wconf 89' lang='grc' dir='ltr'><em>την</em></span> <span class='ocrx_word' id='word_1_222' title='bbox 724 2934 907 3021; x_wconf 87' lang='grc' dir='ltr'><em>Μύρκινον</em></span> <span class='ocrx_word' id='word_1_223' title='bbox 917 2940 1009 3019; x_wconf 78' lang='grc' dir='ltr'><em>ἔλεγε</em></span> <span class='ocrx_word' id='word_1_224' title='bbox 1022 2933 1132 3001; x_wconf 76' lang='grc' dir='ltr'><em>τάδε’</em></span> 
     </span>
     <span class='ocr_line' id='line_1_29' title="bbox 106 3029 1117 3152; baseline -0.006 -47.94"><span class='ocrx_word' id='word_1_225' title='bbox 106 3029 252 3122; x_wconf 79' lang='grc' dir='ltr'><em>Ῑστιαλε,</em></span> <span class='ocrx_word' id='word_1_226' title='bbox 273 3031 432 3123; x_wconf 80' lang='grc' dir='ltr'><em>βασιλεύς</em></span> <span class='ocrx_word' id='word_1_227' title='bbox 450 3045 594 3123; x_wconf 77' lang='grc' dir='ltr'><em>Δαρεῖος</em></span> <span class='ocrx_word' id='word_1_228' title='bbox 613 3035 693 3103; x_wconf 89' lang='grc' dir='ltr'><em>τάδε</em></span> <span class='ocrx_word' id='word_1_229' title='bbox 711 3037 815 3152; x_wconf 84' lang='grc' dir='ltr'><em>λέγει</em></span> <span class='ocrx_word' id='word_1_230' title='bbox 844 3033 908 3120; x_wconf 88' lang='grc' dir='ltr'><em>έγω</em></span> <span class='ocrx_word' id='word_1_231' title='bbox 932 3039 1117 3120; x_wconf 64' lang='grc' dir='ltr'><em>φροντιῖωκ</em></span> 
     </span>
     <span class='ocr_line' id='line_1_30' title="bbox 115 3127 1115 3251; baseline -0.006 -51"><span class='ocrx_word' id='word_1_232' title='bbox 115 3129 257 3219; x_wconf 78' lang='grc' dir='ltr'><em>εὑρίσκω</em></span> <span class='ocrx_word' id='word_1_233' title='bbox 272 3135 349 3219; x_wconf 89' lang='grc' dir='ltr'><em>έμοί</em></span> <span class='ocrx_word' id='word_1_234' title='bbox 357 3158 393 3201; x_wconf 85' lang='grc' dir='ltr'><em>τε</em></span> <span class='ocrx_word' id='word_1_235' title='bbox 411 3134 467 3201; x_wconf 81' lang='grc' dir='ltr'><em>καὶ</em></span> <span class='ocrx_word' id='word_1_236' title='bbox 482 3145 567 3200; x_wconf 76' lang='grc' dir='ltr'><em>τοῖσι</em></span> <span class='ocrx_word' id='word_1_237' title='bbox 582 3134 687 3219; x_wconf 84' lang='grc' dir='ltr'><em>έμοῑσι</em></span> <span class='ocrx_word' id='word_1_238' title='bbox 703 3132 873 3251; x_wconf 82' lang='grc' dir='ltr'><em>πρήγμασι</em></span> <span class='ocrx_word' id='word_1_239' title='bbox 894 3127 1017 3198; x_wconf 83' lang='grc' dir='ltr'><em>οὐδένα</em></span> <span class='ocrx_word' id='word_1_240' title='bbox 1034 3128 1115 3196; x_wconf 80' lang='grc' dir='ltr'><em>εἶναι</em></span> 
     </span>
     <span class='ocr_line' id='line_1_31' title="bbox 114 3219 1135 3327; baseline -0.002 -31"><span class='ocrx_word' id='word_1_241' title='bbox 114 3236 174 3298; x_wconf 86' lang='grc' dir='ltr'><em>σεῦ</em></span> <span class='ocrx_word' id='word_1_242' title='bbox 190 3227 297 3315; x_wconf 88' lang='grc' dir='ltr'><em>ἀνδρα</em></span> <span class='ocrx_word' id='word_1_243' title='bbox 313 3226 547 3315; x_wconf 83' lang='grc' dir='ltr'><em>εὐνοέστερον,</em></span> <span class='ocrx_word' id='word_1_244' title='bbox 570 3235 668 3296; x_wconf 81' lang='grc' dir='ltr'><em>τοῦτο</em></span> <span class='ocrx_word' id='word_1_245' title='bbox 684 3229 721 3294; x_wconf 72' lang='grc' dir='ltr'><em>δέ</em></span> <span class='ocrx_word' id='word_1_246' title='bbox 738 3254 780 3295; x_wconf 91' lang='grc' dir='ltr'><em>ον</em></span> <span class='ocrx_word' id='word_1_247' title='bbox 769 3224 941 3313; x_wconf 87' lang='grc' dir='ltr'><em>’λόγοισι,</em></span> <span class='ocrx_word' id='word_1_248' title='bbox 968 3219 1043 3293; x_wconf 78' lang='grc' dir='ltr'><em>ἀλλ’</em></span> <span class='ocrx_word' id='word_1_249' title='bbox 1064 3232 1135 3327; x_wconf 50' lang='grc' dir='ltr'><em>ἔρ,</em></span> 
     </span>
     <span class='ocr_line' id='line_1_32' title="bbox 81 3322 1103 3443; baseline -0.005 -49"><span class='ocrx_word' id='word_1_250' title='bbox 81 3406 85 3415; x_wconf 87' lang='lat'>.</span> <span class='ocrx_word' id='word_1_251' title='bbox 112 3325 292 3441; x_wconf 68' lang='grc' dir='ltr'><em>γσισιωῖδα</em></span> <span class='ocrx_word' id='word_1_252' title='bbox 308 3325 440 3413; x_wconf 74' lang='grc' dir='ltr'><em>μαθων.</em></span> <span class='ocrx_word' id='word_1_253' title='bbox 463 3333 529 3392; x_wconf 84' lang='grc' dir='ltr'><em>νῦν</em></span> <span class='ocrx_word' id='word_1_254' title='bbox 544 3352 610 3412; x_wconf 91' lang='grc' dir='ltr'><em>ων,</em></span> <span class='ocrx_word' id='word_1_255' title='bbox 632 3322 826 3393; x_wconf 85' lang='grc' dir='ltr'><em>έπινοέω</em></span> <span class='ocrx_word' id='word_1_256' title='bbox 785 3350 851 3443; x_wconf 80' lang='grc' dir='ltr'><em>γαρ</em></span> <span class='ocrx_word' id='word_1_257' title='bbox 867 3323 1045 3410; x_wconf 85' lang='grc' dir='ltr'><em>πρήγματα</em></span> <span class='ocrx_word' id='word_1_258' title='bbox 1060 3348 1103 3410; x_wconf 86' lang='grc' dir='ltr'><em>με</em></span> 
     </span>
    </p>

    <p class='ocr_par' dir='ltr' id='par_1_9' title="bbox 112 3417 1114 3510">
     <span class='ocr_line' id='line_1_33' title="bbox 112 3417 1114 3510; baseline -0.001 -19"><span class='ocrx_word' id='word_1_259' title='bbox 112 3417 198 3508; x_wconf 86' lang='grc' dir='ltr'><em>γάλα</em></span> <span class='ocrx_word' id='word_1_260' title='bbox 213 3423 493 3510; x_wconf 81' lang='grc' dir='ltr'><em>κατεργάσασθαι,</em></span> <span class='ocrx_word' id='word_1_261' title='bbox 519 3419 656 3491; x_wconf 90' lang='grc' dir='ltr'><em>ἀπικνέο</em></span> <span class='ocrx_word' id='word_1_262' title='bbox 678 3450 735 3510; x_wconf 94' lang='grc' dir='ltr'><em>μοι</em></span> <span class='ocrx_word' id='word_1_263' title='bbox 745 3447 889 3501; x_wconf 88' lang='grc' dir='ltr'><em>παντως</em></span> <span class='ocrx_word' id='word_1_264' title='bbox 903 3421 959 3488; x_wconf 87' lang='grc' dir='ltr'><em>ινα</em></span> <span class='ocrx_word' id='word_1_265' title='bbox 970 3447 1022 3488; x_wconf 89' lang='grc' dir='ltr'><em>τοι</em></span> <span class='ocrx_word' id='word_1_266' title='bbox 1033 3418 1114 3490; x_wconf 77' lang='grc' dir='ltr'><em>αντα</em></span> 
     </span>
    </p>
   </div>
   <div class='ocr_carea' id='block_1_4' title="bbox 0 0 1194 3840">
    <p class='ocr_par' dir='ltr' id='par_1_10' title="bbox 0 0 1194 3840">
     <span class='ocr_line' id='line_1_34' title="bbox 0 0 1194 3840; baseline 0 0"><span class='ocrx_word' id='word_1_267' title='bbox 0 0 1194 3840; x_wconf 95' lang='lat' dir='ltr'><em> </em></span> 
     </span>
    </p>
   </div>
  </div>
 </body>
</html>
