2378 3840
334 182 419 266 ιτα.
451 182 487 237 ν.
520 180 618 238 w.
651 186 793 242 εε-ω.
1022 180 1063 244 41

56 365 137 408 νεον
153 346 302 423 κιθῶνα,
324 342 382 407 ἵνα
403 335 444 426 δή
469 339 630 428 περόνῃσι
651 337 695 426 μή
718 341 887 427 χρέωνται.
921 341 1013 412 ’Ἐστι
1027 344 1063 412 δέ
1077 357 1112 413 88

55 436 179 525 ἀληθέι·
191 436 279 529 λόγῳ
300 440 510 525 χρεομένοισι
524 437 587 506 οὐκ
604 437 666 518 Ἰἰις
683 438 768 524 αὕτη
789 438 809 527 ή
826 440 928 530 έσθῆς
946 440 983 510 τὸ
999 467 1063 509 πα-

54 535 170 624 λαιόν,
193 535 277 607 ἀλλὰ
289 539 438 625 Κάειρα,
461 540 530 606 έπεί
544 536 568 624 ἥ
580 563 618 623 γε
628 536 802 624 Ἑλληνική
819 539 921 627 ἐσθής
938 539 1061 628 πᾶσαῆ

53 637 175 726 ἀρχαίη
189 646 258 706 τόν
272 640 446 727 γυναικῶν
462 636 483 725 ῆ
505 635 589 725 αότή
604 632 665 724 ήν,
687 637 749 725 τῆν
763 645 829 705 νῦν
845 645 984 726 Δωρίδα
1001 667 1063 708 κα·

52 742 182 826 λέομεν.
224 751 309 806 τοῖσι
333 736 371 806 δὲ
385 735 561 826 Ἀργείοισι
578 736 634 803 καί
657 748 744 802 τοῖσι
762 735 961 825 Αἰγινήτῃσι
983 735 1068 826 πρός

50 844 157 908 ταῦτα
188 836 266 905 τόδε
296 841 429 924 ποιῆσαι
458 835 566 924 νόμον
596 833 684 905 εἰναι
710 834 800 925 παρὰ
828 844 923 924 σφίσι
955 837 1068 905 ἑκατέ-

55 957 145 1026 ροισι
183 937 242 1016 τάς
262 939 407 1024 περόνας
426 935 580 1023 ἡμιολίας
599 941 774 1005 ποιέεσθαι
794 945 855 1005 τοῦ
875 937 948 1007 τότε
963 965 1061 1007 κατε-

55 1044 196 1114 στεῶτος
210 1040 350 1122 μέτρον,
366 1039 421 1104 καί
437 1038 470 1113 ές
484 1033 521 1102 τὸ
536 1033 612 1120 ίρδν
626 1042 695 1102 τῶν
707 1043 800 1103 θεῶν
815 1035 945 1104 τούτων
959 1037 1061 1123 περό-

54 1161 115 1213 νας
129 1134 272 1221 μα’ἰιστα
286 1132 484 1202 ἀνατιθέναι
498 1131 557 1212 τάς
572 1146 748 1220 γνναίκας,
766 1130 915 1203 Ἀττικδν
929 1133 965 1203 δὲ
980 1134 1062 1222 μήτε

54 1261 86 1305 τι
102 1233 183 1303 ἄλλο
197 1235 403 1321 προσφέρειν
420 1229 505 1320 πρός
517 1230 554 1299 τό
570 1229 647 1319 ίρδν
660 1233 741 1319 μήτε
755 1235 912 1320 κέραμον,
931 1232 1004 1302 ἀλλ’
1025 1235 1061 1301 έκ

54 1335 222 1419 χυτρίδων
243 1333 427 1418 ἐπιχωρίων
444 1330 552 1417 νόμον
571 1328 609 1397 τδ
625 1328 745 1398 λοιπόν
765 1329 889 1399 αὐτόθι
905 1331 989 1400 εἶναι
1004 1339 1061 1400 πί-

56 1455 136 1497 νειν.
180 1425 338 1515 Ἀργείων
354 1429 416 1515 μέν
429 1454 496 1496 νον
512 1431 568 1495 καί
580 1431 788 1513 Αἰγινητέων
803 1434 839 1496 αι’
851 1444 1006 1514 γυναῖκες
1023 1432 1060 1497 έκ

52 1528 125 1597 τότε
146 1525 231 1596 κατ’
264 1535 336 1615 ἔριν
367 1534 437 1596 τόν
473 1527 664 1616 Ἀθηναίων
674 1520 820 1611 περόνας
831 1534 879 1597 ἔτι
890 1531 944 1597 καί
956 1531 988 1607 ές
1003 1529 1059 1616 έμδ

55 1629 201 1716 ἐφόρεον
216 1631 354 1715 μέζονας
367 1624 388 1715 ῆ
402 1625 467 1715 πρό
483 1635 553 1695 τοῦ.

141 1737 207 1818 Τῆς
223 1731 259 1798 δὲ
277 1736 398 1815 ἔχθρης
411 1736 469 1815 τῆς
483 1724 566 1811 πρός
579 1726 761 1811 Αἰγινήτας
779 1722 984 1811 Ἀθηναίοισι
1000 1751 1058 1811 γε·
1072 1733 1110 1789 89

56 1833 198 1917 νομένης
208 1826 291 1916 ἀρχή
302 1827 386 1896 κατὰ
393 1838 518 1913 εἰρηται
530 1828 668 1911 ἐγένετο.
685 1824 759 1893 τότε
771 1823 811 1911 δή
820 1833 976 1912 Θηβαίων
988 1829 1060 1894 έπι-

56 1918 267 2014 καλεομένων
278 1925 464 2014 προθύμως
473 1930 541 1991 τῶν
551 1925 625 2010 περὶ
635 1919 676 1990 τοὶ
685 1919 858 2008 ἀγάλματα
868 1925 1060 2009 γενομένων

54 2023 384 2112 ἀναμιμνησκόμενοι
400 2027 434 2092 οἰ
438 2029 614 2109 Αἰγινῆται
638 2019 786 2109 ἐβοήθεον
809 2026 1060 2091 τοίσιΒοιωτοί-

54 2146 95 2193 σι.
132 2128 310 2209 Αἰγινῆταί
317 2148 352 2189 τε
367 2119 407 2206 δῆ
420 2123 552 2207 ἐδηίενν
562 2127 619 2204 τῆς
629 2117 774 2206 Ἀττικῆς
786 2117 826 2186 τὰ
838 2119 1059 2206 παραθαλάσ-

53 2241 126 2308 σια,
149 2223 204 2288 καὶ
220 2217 427 2305 Ἀθηναίοισι
449 2211 666 2303 ὁρμημένοισι
693 2215 743 2284 ἐπ’
763 2217 944 2306 Αἰγινήτας
958 2239 1058 2302 στρα-

53 2322 213 2390 τεύεσθαι
228 2313 313 2407 ἦλθε
325 2317 487 2406 μαντήιον
498 2321 700 2403 έκΔείφῶν,
713 2318 908 2403 ἐπισχόντας
920 2315 984 2387 ἀπό
997 2325 1058 2386 τοῦ

52 2422 261 2506 Αἰγινητέων
272 2415 404 2488 ἀδικίου
418 2417 596 2503 τριήκοντα
607 2420 681 2484 ἔτεα
692 2421 737 2505 τῷ
749 2418 798 2482 ἑνὶ
809 2417 864 2483 καί
875 2421 1058 2504 τριηκοστῷ

52 2523 170 2608 Αἰακῷ
184 2519 319 2601 τέμενος
334 2514 557 2595 ἀποδέξαντας
569 2513 731 2599 ἄρχεσθαι
742 2520 803 2580 τοῦ
818 2510 902 2598 πρός
915 2513 1057 2599 Αἰγινή-

51 2642 110 2694 τας
124 2618 273 2700 πολέμον
287 2620 347 2682 καί
360 2634 421 2700 σφι
435 2614 600 2700 χωρήσειν
614 2609 654 2678 τίι
669 2610 866 2698 βούλονται·
888 2607 932 2698 ῆν
944 2610 979 2680 δὲ
995 2609 1058 2678 αὐ-

50 2721 128 2783 τίκα
148 2713 465 2800 ἐπιστρατεύωνται,
488 2709 594 2780 πολλόι
617 2715 679 2797 μέν
693 2729 798 2796 σφεας
819 2713 855 2778 έν
869 2718 915 2802 τῷ
935 2708 1058 2799 μεταξὺ

49 2819 114 2882 τοῦ
128 2811 254 2899 χρόνον
265 2818 451 2898 πείσεσθαι,
463 2808 570 2879 πολλοὶ
586 2811 622 2877 δὲ
634 2813 688 2878 καί
699 2809 863 2895 ποιήσειν,
874 2813 967 2889 τέλος
977 2813 1058 2896 μέν·

51 2935 103 2978 τοι
119 2912 415 2995 καταστρέψεσθαι.
439 2916 543 2976 ταῦτα
555 2905 599 2987 ὡς
613 2905 854 2993 ἀπενειχθέντα
864 2906 1014 2993 ήκουσαν
1027 2912 1061 2975 οἰ

48 3005 233 3095 Ἀθηναῖοι,
244 3013 290 3098 τῷ
304 3008 366 3094 μὲν
372 3013 488 3098 Αἰακῷ
499 3010 634 3094 τέμενος
645 3004 807 3086 ἀπέδεξαν
821 3015 931 3093 τοῦτο,
944 3006 1061 3074 τὰνῦν

51 3108 105 3174 έπί
120 3113 177 3189 τῆς
192 3101 316 3192 ἀγορῆς
329 3108 478 3192 ἵδρυται,
494 3105 672 3192 τριήκοντα
683 3107 720 3172 δὲ
731 3111 804 3172 ἔτεα
820 3102 882 3172 οὐκ
898 3103 1060 3193 ἀνέσχον-

51 3228 89 3271 το
111 3200 334 3289 ἀκοόσαντες,
361 3202 447 3282 ὅκως
467 3202 576 3289 χρεόν
603 3213 654 3291 εἰη
676 3206 821 3288 ἐπισχεῖν
846 3206 1060 3285 πεπονθότας

51 3297 138 3387 πρός
147 3303 354 3387 Αἰγινητέων
365 3296 518 3387 ἀνάρσια.
548 3301 598 3380 Ἐς
614 3309 777 3390 τιμωρίην
793 3303 828 3371 δέ
843 3327 1057 3393 παρασκενα-
1074 3310 1108 3365 90

53 3397 220 3482 ζομένοισι
232 3395 359 3466 αὐτοῖσι
371 3399 407 3466 έκ
413 3403 686 3482 Λακεδαιμονίων
699 3408 832 3488 πρῆγμα
844 3405 1058 3490 ἐγειρόμενον
