2378 3840
136 185 200 248 164
516 187 765 250 HERODOTI

136 350 192 415 καί
211 351 246 414 οἱ
258 351 368 416 λοιποὶ
383 348 417 412 οί
429 342 513 428 πρὸς
529 344 668 430 ἑσπέρης
689 347 853 422 οἰκέοντες
867 342 1044 426 ἂνθρωποι
1059 354 1140 411 συλ-

136 450 352 531 λεχθείησαν,
374 441 437 512 οὐκ
454 440 629 528 ἀξιόμαχοί
641 447 703 509 είσι
724 444 780 528 ἐμὲ
801 443 938 510 ἐπιόντα
952 442 1141 527 ὑπομεῖναι,

136 544 180 633 μὴ
195 544 306 624 ἐόντες
319 543 468 630 ἄρθμιοι.
492 545 599 610 ἐθέλω
613 543 726 628 μέντοι
739 540 842 608 καὶτὸ
858 539 923 608 άπὸ
940 549 1011 626 σεῦ,
1027 541 1142 608 ὁκοῖόν

136 669 167 711 τι
181 640 288 727 λέγεις
302 645 377 727 περὶ
395 640 517 726 αὐτῶν,
534 643 717 707 πυθέσθαι.
735 635 771 706 Ὁ
786 639 849 724 μέν
858 644 962 705 ταῦτα
978 640 1106 723 είράτα,
1123 636 1141 704 ὁ

137 741 174 808 δὲ
184 740 367 828 ὑπολαβών
378 746 459 825 ἔφη·
475 731 515 805 Ὠ
528 743 678 824 βασιλεῦ,
690 735 812 820 κότερα
823 732 1141 823 άληθείηγρήσαμαι

136 837 221 924 πρὸς
234 839 272 906 σε
285 833 309 924 ἦ
324 837 447 926 ἡδονης
471 835 508 904 ‘0
523 837 563 902 δέ
573 860 632 919 μιν
642 831 785 920 ἀληθείῃ
796 834 984 920 χρήσασθαι
999 836 1143 913 ἐκέλευε,

71 948 122 1004 1⁰²
136 934 203 1022 φὰς
219 932 321 1003 οὐδέν
335 940 369 1003 οί
382 934 583 1021 ἀηδέστερον
598 937 735 999 ἔσεσθαι
749 927 771 1017 ἦ
786 931 952 1015 πρότερον
966 925 1094 1016 ἦυωὩς
1106 932 1143 998 δέ

134 1040 241 1102 ταῦτα
254 1031 379 1121 ἤκουσε
392 1033 611 1119 Δημάρητος,
628 1036 720 1115 ἔλεγε
736 1028 831 1097 τάδε·
853 1037 1010 1116 Βασιλεῦ,
1028 1028 1141 1113 ἐπειδὴ

137 1129 281 1220 ἀληθείη
300 1131 492 1218 χρήσασθαι
504 1129 638 1207 πάντας
651 1154 693 1214 με
710 1126 858 1206 κελεύεις
872 1135 974 1194 ταῦτα
991 1132 1142 1214 λέγοντα,

136 1228 178 1299 τὰ
188 1227 234 1318 μὴ
250 1231 457 1317 ψευδόμενός
467 1258 517 1310 τις
527 1230 671 1317 ὕστερον
680 1226 748 1296 ὑπὸ
759 1235 820 1296 σεῦ
830 1225 1003 1314 ιἰλάσεται,
1019 1237 1058 1319 τῇ
1067 1227 1144 1299 Ἐλ-

136 1327 214 1397 λάδι
227 1335 324 1414 πενίη
340 1331 402 1413 μὲν
416 1335 484 1397 αίεί
497 1353 573 1396 κοτε
587 1323 778 1412 συστροφάς
795 1328 880 1413 ἐστι,
897 1326 996 1413 άρετὴ
1013 1330 1050 1396 δὲ
1060 1334 1144 1396 ἔπα-

137 1427 215 1505 κτός
228 1429 312 1514 ἐστι,
329 1426 396 1496 άπά
409 1454 445 1494 τε
459 1436 579 1513 σοφίης
593 1431 842 1513 κατεργασμένη
856 1430 912 1496 καί
925 1428 1033 1514 νόμου
1047 1435 1144 1516 ἰσχυ-

137 1534 217 1612 ροῦ,
241 1535 282 1614 τῇ
292 1531 509 1614 διαγρεομένη
519 1525 541 1614 ἡ
551 1523 667 1604 Ἑλλάς
676 1525 740 1611 τήν
749 1548 785 1590 τε
799 1532 919 1610 πενίην
932 1523 1144 1612 ἀπαμύνεται

137 1627 192 1689 καὶ
206 1620 268 1708 τὴν
283 1624 505 1708 δεσποσύνην,
528 1625 630 1691 αίνέω
640 1626 703 1707 μέν
713 1647 780 1688 νυν
793 1622 922 1700 πάντας
937 1621 1143 1710 τούςἝλλη-

136 1744 199 1796 νας
217 1715 297 1797 τούς
316 1722 393 1803 περὶ
407 1721 556 1798 ἐκείνους
569 1718 648 1798 τούς
663 1717 842 1804 Δωρικοὺς
861 1718 992 1804 χοίρους
1007 1723 1144 1806 οίκημέ-

136 1842 228 1901 υους,
248 1821 383 1903 ἔρχομαι
398 1821 435 1884 δέ
448 1819 554 1899 λέξων
567 1815 609 1885 οὐ
620 1820 696 1897 περὶ
709 1816 847 1883 πάντων
857 1816 979 1884 τούσδε
993 1820 1072 1899 τούς
1083 1820 1143 1886 λό-

137 1940 234 2001 γους,
248 1913 333 1983 άλλά
349 1919 425 2000 περὶ
436 1921 710 2000 Λακεδαιμονίων
720 1915 875 2000 μούνων,
891 1922 1005 1999 πρῶτα
1016 1919 1079 2003 μὲν
1090 1917 1142 1984 ὅτι

137 2012 200 2080 οὐκ
216 2019 299 2098 ἐστι,
322 2013 409 2093 ὅκως
422 2012 499 2081 κοτέ
516 2014 598 2092 σούς
614 2016 764 2093 δέξονται
785 2013 907 2099 λόγους
928 2015 1141 2101 δουλοσύνην

138 2117 303 2196 φέροντας
311 2120 351 2200 τῇ
360 2110 509 2198 Ἑλλάδι,
525 2107 620 2192 αὖτις
633 2114 670 2181 δέ
683 2111 726 2191 ὡς
736 2111 959 2182 ἀντιώσονταί
966 2140 1018 2182 τοι
1029 2119 1062 2193 ἐς
1076 2116 1143 2200 μά-

137 2235 215 2295 χην,
233 2212 288 2277 καὶ
308 2206 353 2295 ἦν
372 2215 407 2278 ot
419 2209 514 2279 ἄλλοι
525 2210 683 2297 Ἕλληνες
703 2212 826 2290 πάντες
846 2210 887 2278 τά
904 2211 947 2278 σα
961 2215 1141 2297 φρονέωσι.

136 2306 287 2393 ἀριθμοῦ
302 2311 340 2376 δὲ
349 2316 436 2397 πέρι,
452 2310 497 2397 μή
512 2313 618 2399 πύθη,
636 2310 710 2378 ὅσοι
724 2313 811 2389 τινες
824 2309 936 2389 ἐόντες
946 2317 1050 2378 ταῦτα
1064 2335 1143 2377 ποι-

138 2412 206 2473 ἐειν
221 2403 288 2474 οἷοί
301 2410 340 2474 τέ
352 2413 424 2479 είσι.
453 2410 497 2494 ἥν
511 2435 547 2474 τε
563 2408 628 2494 γάρ
645 2409 768 2494 τύχωσι
783 2413 1072 2496 ἐξεστρατευμένοι
1090 2421 1143 2495 χί-

136 2513 219 2591 λιοι,
241 2497 336 2572 οὗτοι
349 2511 550 2592 μαγέσονταί
561 2533 628 2593 τοι,
643 2507 686 2592 ἥν
699 2533 735 2574 τε
750 2510 928 2585 έλάσσονες
942 2511 1083 2595 τούτων,
1098 2509 1144 2594 ἦν

69 2617 121 2672 1⁰3
134 2630 170 2671 τε
181 2607 236 2671 καί
243 2612 392 2685 πλεῦνες.
413 2614 523 2672 Ταῦτα
534 2603 809 2691 άκοάσαςΞέρξης
818 2604 960 2688 γελάσας
972 2613 1052 2694 ἐφη·
1067 2617 1143 2694 Δη-

138 2704 275 2789 μάρητε,
292 2702 367 2770 οἷον
377 2707 542 2789 ἐφθέγξαο
557 2710 645 2788 ἔπος,
662 2703 787 2787 ἄνδρας
797 2709 924 2787 χιλίους
937 2712 1074 2790 στρατιῇ
1085 2732 1142 2771 το-

138 2806 218 2887 σῇδε
229 2805 444 2884 μαχέσασθαι.
469 2798 539 2885 άγε,
556 2805 628 2867 είπέ
637 2825 705 2885 μοι,
720 2798 763 2867 σύ
778 2797 845 2888 φῂς
859 2799 990 2867 τοάτοον
999 2807 1068 2867 τῶν
1079 2801 1142 2866 άν-

139 2902 231 2983 δράυ
245 2894 345 2976 αὐτὸς
358 2895 515 2982 βασιλεὺς
529 2901 697 2983 γενέσθαι.
720 2894 763 2964 σὺ
775 2890 826 2964 οὖν
837 2900 1008 2985 ἐθελήσεις
1022 2897 1140 2966 αὐτίκα

139 2995 227 3077 μάλα
247 2991 331 3074 πρὸς
345 2990 471 3076 ἄνδρας
486 2996 565 3061 δέκα
580 2993 762 3078 μάχεσθαις
789 3001 896 3062 καίτοι
914 3001 945 3062 εί
958 2993 996 3060 τό
1012 3004 1140 3062 πολιτι-

139 3093 201 3159 κὸυ
215 3090 297 3178 ὑμῖν
315 3099 384 3158 πᾶν
397 3096 465 3159 ἐστὶ
478 3099 626 3176 τοιοῦτο,
643 3091 715 3159 οἷον
728 3092 771 3158 σύ
786 3094 957 3178 διαιρέεις,
970 3098 1021 3160 σέ
1030 3094 1142 3180 γετὸν

138 3192 276 3255 ἐκείνων
293 3190 430 3272 βασιλέα
447 3191 564 3270 πρέπει
587 3187 673 3269 πρὸς
688 3186 726 3257 τὸ
749 3189 925 3275 διπλήσιον
946 3186 1140 3258 ἀντιτάσσε-

138 3299 220 3356 σθαι
231 3288 315 3353 κατιὶ
324 3288 452 3372 νόμους
460 3286 539 3366 τούς
549 3285 739 3374 ὑμετέρους.
752 3293 784 3355 εί
788 3285 852 3373 γάρ
860 3290 998 3354 ἐκείνων
1005 3290 1142 3370 ἕκαστος

139 3389 218 3452 δέκα
233 3384 369 3467 ἀνδρῶν
384 3393 442 3470 τῆς
456 3393 610 3471 στρατιῆς
619 3393 676 3469 τῆς
689 3388 769 3471 ἐμῆς
785 3382 940 3463 άντάξιός
956 3388 1041 3471 ἐστι,
1056 3391 1095 3458 σὲ
1104 3393 1145 3457 δέ
