2378 3840
323 216 423 311 m.
455 215 502 272 IX.
538 214 636 272 CAP.
671 221 811 276 10-15.
1016 212 1077 275 293

71 374 186 445 ὁκοῖόν
200 400 232 444 τι
246 373 441 462 ποιήσουσι,
457 352 512 441 καὶ
523 371 600 440 οὔτε
612 372 772 459 ἐπήμαινε
782 372 859 442 ούτε
875 378 1000 444 ἐσίνετο
1012 381 1076 461 γῆν

69 470 132 562 τήν
147 471 308 561 Αττικήν,
324 475 463 553 ἐλπίζων
477 469 534 539 διὰ
549 470 675 549 παντὸς
689 478 751 539 τού
763 473 890 560 χρόνον
907 472 1075 562 ὁμολογή·

70 574 143 639 σειν
156 574 276 656 σφέας·
304 572 374 639 ἐπεί
389 570 425 638 δὲ
441 566 504 637 ούκ
521 574 652 655 ἔπειθε,
673 570 870 657 πυθόμενος
889 569 950 640 τόν
964 572 1074 640 πάντα

67 668 189 754 λόγον,
204 668 285 755 πρὶν
298 663 321 754 ή
336 664 416 746 τούς
430 664 512 754 μετά
528 674 731 736 Παυσανίεω
745 670 778 746 ές
791 666 852 737 τόν
865 668 1001 756 Ἰσθμόν
1016 674 1075 756 ἐμ-

67 774 184 856 βαλείν
200 764 404 854 ὑπεξεχώρεε
419 765 589 852 ἐμπρήσας
605 790 641 832 τε
655 762 879 854 τὰςἈθήνας,
894 772 949 836 καί
965 777 998 836 εί
1009 768 1073 835 κού

65 891 98 932 τι
113 860 224 950 ὀρθόν
237 856 284 951 ήν
302 870 370 931 τῶν
384 866 517 950 τειχέων
537 859 559 950 ή
572 869 641 930 τών
655 863 845 950 οἰκημάτων
857 861 881 953 ή
895 873 963 934 τών
977 872 1071 952 ίρών,

65 960 176 1029 πάντα
190 959 389 1049 καταβαλών
403 963 458 1029 καὶ
473 960 655 1046 συγχώσας.
677 961 837 1047 ἐξήλαυνε
853 964 889 1031 δέ
901 966 1008 1031 τώνόε
1024 966 1072 1028 εί-

65 1085 180 1144 νεκεν,
195 1059 246 1127 ὅτι
261 1056 339 1127 ούτε
352 1063 514 1144 ἱππασίμη
528 1055 548 1144 ἡ
564 1059 655 1146 χώρη
670 1051 716 1145 ήν
729 1055 749 1144 ἡ
762 1056 906 1146 Ἀττική,
922 1069 956 1126 εί
965 1084 1000 1125 τε
1017 1085 1071 1126 νι-

21 1202 23 1208 2
66 1170 151 1252 x93to
163 1158 355 1248 συμβαλών,
371 1158 553 1240 ἀπάλλαξις
563 1156 626 1227 ούκ
639 1153 694 1247 ήν,
710 1157 761 1228 ότι
772 1156 817 1247 μή
829 1159 913 1228 κατά
926 1156 1069 1245 στεινόν,

66 1264 151 1332 ώστε
167 1265 222 1332 καὶ
236 1259 370 1349 ὀλίγους
390 1263 494 1349 σφέας
509 1258 715 1347 ἀνθρώπους
730 1268 843 1346 ίσχειν.
873 1261 1069 1347 ἐβουλεύετο

67 1356 115 1430 ών
129 1362 387 1449 ἐπαναχωρήσας
402 1363 435 1439 ἐς
448 1357 508 1438 τάς
518 1358 631 1446 Θήβας
645 1366 829 1446 συμβαλεῖν
842 1356 927 1446 πρὸς
940 1358 1019 1426 πόλι
1034 1382 1070 1423 τε

66 1468 160 1553 φιλίη
173 1463 230 1530 καὶ
245 1460 336 1549 χώρη
349 1465 529 1549 ίππασίμω.
552 1456 752 1543 Μαρδόνιος
764 1458 827 1543 μὲν
841 1453 881 1542 δή
901 1453 1067 1540 ύπεξεχώ-
1086 1474 1119 1527 14

64 1585 130 1647 ρεε,
145 1558 208 1648 ήδη
224 1559 260 1625 δὲ
277 1560 314 1625 έν
328 1562 368 1645 τῇ
382 1552 450 1646 όύῷ
466 1554 555 1623 ἐόντι
567 1551 658 1645 αύτῷ
671 1546 758 1641 ήλθε
772 1551 907 1640 ἀγγελίη
922 1550 1071 1640 πρόδρο-

63 1685 129 1746 μον
143 1657 249 1744 ἀλλην
270 1653 429 1742 στρατιήν
447 1652 544 1740 ήκειν
563 1657 596 1732 ές
612 1657 772 1741 Μέγαρα,
794 1658 1069 1740 Λακεδαιμονίων

63 1762 197 1844 χιλίους.
221 1754 417 1840 πυθόμενος
428 1753 464 1820 ύέ
475 1759 581 1820 ταῦτα
591 1753 799 1840 ἐβουλεύετο,
812 1755 950 1838 ἐθέλων,
964 1763 1070 1831 είκως

36 1892 38 1895 ·
63 1855 204 1932 τούτους
218 1859 352 1940 πρώτον
367 1855 445 1921 ἕλοι.
478 1848 690 1936 ὑποστρέψας
707 1852 743 1918 δὲ
758 1848 821 1936 τήν
836 1849 994 1937 στρατιήν
1008 1845 1069 1938 ήγε

63 1955 116 2021 ἐπὶ
131 1948 172 2020 τά
190 1951 350 2037 Μέγαρα·
376 1947 398 2036 ή
419 1953 457 2017 δὲ
476 1951 577 2027 ἵππος
598 1955 816 2036 προελθοῦσα
837 1951 1066 2018 κατιππάσατο

61 2052 176 2138 χώρην
196 2047 461 2136 τήνΜεγαρίύα.
488 2049 521 2126 ἐς
537 2047 664 2133 ταύτην
685 2043 725 2133 δή
743 2045 910 2114 ἑκαστάτω
924 2053 982 2134 τής
996 2046 1068 2115 Εύ-

62 2147 176 2234 ρώπης
189 2144 227 2214 τό
243 2143 327 2234 πρὸς
340 2143 439 2233 ἡλίου
454 2141 652 2231 δύνοντοςή
667 2142 815 2232 Περσική
830 2144 915 2232 αὕτη
931 2143 1067 2234 στρατιή

61 2245 205 2314 ἀπίκετο.
227 2241 324 2312 Μετά
337 2244 374 2311 βε
385 2233 747 2331 ταύταΜαρύονίμήκε
757 2239 905 2329 ἀγγελίη,
918 2240 962 2321 ὡς
973 2240 1066 2320 ἁλέες
1085 2266 1116 2316 15

62 2354 178 2430 εἴησαν
198 2337 396 2428 οίἝλληνες
418 2343 456 2409 ἐν
474 2346 520 2431 τῷ
537 2337 668 2430 Ἰσθμῷ.
699 2337 844 2426 ούτωόή
867 2337 972 2409 ὀπίσω
987 2343 1067 2408 ἐπο-

62 2441 178 2524 ρεύετο
194 2436 250 2506 διὰ
261 2444 448 2524 Δεκελείης.
472 2442 507 2506 οί
519 2436 583 2524 γάρ
599 2437 800 2524 βοιωτάρχαι
817 2441 1067 2523 μετεπέμψαντο

60 2536 141 2617 τούς
152 2535 369 2622 προσχώρους
379 2543 449 2604 τών
461 2534 645 2621 Ἀσωπίων,
657 2529 751 2603 οὗτοι
764 2536 800 2602 δὲ
811 2534 901 2626 αύτῷ
912 2536 974 2624 τήν
985 2537 1067 2606 ὁύὸυ

60 2635 201 2725 ἡγέοντο
223 2637 256 2713 ἐς
270 2638 504 2721 Σφενδαλέας,
526 2637 688 2703 ἐνθεῦτεν
708 2634 745 2701 δὲ
762 2636 1001 2726 ἐςέΤανάγρην.
1030 2641 1067 2704 ἐν

64 2732 223 2821 Τανάγρη
245 2732 281 2799 δὲ
303 2731 411 2800 νύκτα
436 2731 698 2817 ἐναυλισάμενος
720 2733 776 2798 καὶ
794 2732 1003 2820 τραπόμενος
1027 2741 1066 2823 τῇ

58 2831 218 2920 ύστεραίη
234 2833 267 2909 ἐς
280 2836 423 2899 Σκώλου
439 2833 476 2900 ἐν
489 2837 533 2920 γῇ
547 2835 588 2920 τή
602 2836 760 2918 Θηβαίων
773 2823 826 2918 ήν.
860 2832 1009 2900 ἐνθαύτα
1031 2834 1066 2900 δὲ

59 2937 128 3000 τών
150 2934 310 3018 Θηβαίων
329 2935 449 3018 καίπερ
469 2928 678 3017 μηδιζόντων
700 2934 806 3015 ἐκειρε
826 2925 906 3007 τούς
925 2929 1065 3016 χώρους,

60 3026 133 3096 ούτι
144 3025 228 3105 κατὰ
240 3031 339 3113 ἔχθος
350 3023 473 3114 αύτών,
485 3024 560 3097 ἀλλ’
574 3025 634 3095 ὑπ’
642 3025 825 3114 ἀναγκαίης
836 3028 981 3114 μεγάλης
992 3027 1067 3113 ἐχό-

59 3148 170 3212 μενος,
186 3124 392 3212 βουλόμενος
403 3124 511 3213 ἐρυμά
521 3151 557 3193 τε
568 3133 614 3217 τῷ
625 3127 836 3216 στρατοπέδω
849 3124 1065 3212 ποιήσασθαι,

59 3226 116 3292 καὶ
128 3218 173 3308 ήν
187 3225 392 3312 συμβαλόντι
407 3229 442 3293 οί
453 3222 497 3312 μή
511 3227 650 3314 ἐκβαίνῃ
665 3221 781 3292 ὁκοῖόν
795 3248 826 3305 τι
841 3224 963 3308 ἐθέλοι,
981 3249 1065 3311 κρη-

59 3323 231 3410 σφύγετον
250 3331 348 3393 τοῦτο
365 3327 520 3394 ἐποιέετο.
548 3332 678 3412 παρήκε
693 3325 730 3392 δέ
744 3320 850 3391 αύτού
870 3319 908 3391 τὸ
924 3321 1065 3408 στρατό-

29 3424 33 3433 ’
57 3429 163 3492 πεδου
178 3419 368 3511 ἀρξάμενον
380 3421 446 3493 ἀπὸ
458 3421 651 3512 Ἐρυθρέων
661 3418 1073 3514 παρά’1’σιάς,αατέτεευε
