2378 3840
132 162 175 226 32
510 167 763 225 HERODOTI

85 344 119 398 68
134 334 178 417 τῷ
196 333 415 418 Μελανίππῳ.
445 330 548 392 ταῦτα
570 325 632 409 μέν
653 326 686 403 ές
698 323 884 412 ’Ἄδρηστόν
899 329 934 395 οῖ
951 329 1136 414 ἐπεποίητο,

133 426 244 513 φυλᾶς
261 431 296 496 δὲ
311 424 369 505 τᾶς
384 425 562 512 Δωριέων,
584 426 641 490 ἵνα
661 421 701 511 δη
723 420 767 511 μὴ
784 428 821 492 αἰ
840 421 938 493 αὐταὶ
954 429 1035 493 έωσι
1056 440 1137 495 τοῖσι

132 530 352 593 Σικυωνίοισι
373 526 428 591 καὶ
444 535 529 590 τοῖσι
540 518 732 608 Ἀργείοισι,
760 527 919 610 μετέβαλε
930 525 963 602 ές
978 521 1067 592 ᾶλλα
1081 521 1138 591 σό-

132 621 272 707 νόματα·
293 626 379 690 ένθα
392 621 447 688 καὶ
458 628 614 688 πλεῖστον
624 624 821 706 κατεγέλασε
836 627 904 688 τᾶν
919 628 1137 691 Σικυωνίων·

132 723 185 788 έπλ
199 716 264 806 γᾶρ
278 716 340 799 ὑός
356 721 459 788 τεκαὶ
473 717 558 786 όνου
571 716 629 796 τᾶς
644 721 834 805 ἐπωνυμίας
846 722 1039 806 μετατιθεὶς
1057 717 1137 788 αᾶτᾶ

131 818 172 887 τᾶ
193 828 364 889 τελευταῖα
385 822 545 907 ἐπέθηκε,
566 817 654 906 πλὴν
674 826 731 907 τῆς
745 823 873 888 ἑωυτοῦ
889 827 1017 908 φυλῆς·
1036 821 1137 910 ταότη

132 925 169 990 δὲ
185 917 222 988 τὸ
240 918 369 1006 οὕνομα
387 916 452 988 ᾶπό
470 927 528 1006 τῆς
549 921 676 988 ἑωυτοῦ
697 917 799 1007 ἀρχῆς
820 925 926 989 έθετο.
960 912 1060 988 οὗτοι
1079 921 1135 1007 μὲν

132 1016 172 1106 δὴ
198 1015 363 1105 Ἀρχέλαοι
391 1019 584 1103 ἐκαλέοντο,
615 1018 722 1105 ἕτεροι
751 1019 787 1085 δέ
812 1015 945 1104 Ὑᾶται,
976 1014 1077 1087 ᾶλλοι
1103 1017 1134 1085 δὲ

128 1116 294 1204 Ὀνεᾶται,
317 1120 424 1203 ἕτεροι
439 1118 475 1185 δέ
492 1124 678 1204 Χοιρεᾶται.
704 1115 853 1185 τούτοισι
868 1129 953 1185 τοῖσι
973 1112 1133 1204 οὐνόμασι

131 1223 199 1284 τεᾶν
213 1216 351 1301 φυλέων
365 1218 518 1302 ἐχρέοντο
533 1219 568 1284 ολ
579 1214 764 1282 Σικυώνιοι
779 1217 834 1283 καὶ
848 1217 902 1283 έπλ
913 1207 1134 1295 Κλεισθένεος

131 1312 290 1400 ᾶρχοντος
310 1315 365 1382 καὶ
386 1315 518 1382 ἐκείνου
539 1319 724 1392 τεθνεῶτος
739 1317 786 1379 έιι
807 1309 859 1380 ἐπ’
877 1319 950 1381 έτεα
966 1315 1134 1402 ἑξήκοντα,

131 1416 321 1501 μετέπειτεν
334 1416 448 1501 μέντοι
459 1414 563 1499 λόγον
574 1421 669 1499 σφίσι
685 1413 800 1491 δόντες
813 1417 998 1500 μετέβαλον
1012 1417 1049 1495 ές
1062 1411 1135 1494 τοδς

124 1515 258 1594 Ὑλλέας
277 1518 333 1583 καλ
352 1517 565 1603 Παμφύλους
584 1517 640 1584 καὶ
659 1516 881 1603 Δυμανάτας,
901 1516 1086 1604 τετάρτους
1102 1520 1134 1586 δὲ

132 1611 261 1682 αὐτοῖσι
276 1615 483 1701 προσέθεντο
500 1615 553 1682 έπλ
562 1621 625 1682 τοῦ
635 1611 818 1701 Ἀδρήστου
831 1610 951 1694 παιδὸς
961 1619 1136 1704 Αἰγιαλέος

130 1710 193 1800 τὴν
208 1716 402 1803 ἐπωνυμίην
417 1714 612 1801 ποιεύμενοι
628 1722 811 1802 κεκλῆσθαι
826 1718 1014 1802 Αἰγιαλέας.
1121 1718 1125 1723 ’

34 1829 40 1837 ’
83 1827 118 1882 69
221 1820 332 1881 Ταῦτα
350 1816 413 1901 μέν
433 1840 499 1883 νυν
514 1810 532 1883 ὁ
548 1814 738 1893 Σικυώνιος
754 1816 962 1902 Κλεισθένης
979 1817 1134 1902 ἐπεποιή-

131 1937 202 1995 κεε,
224 1908 242 1979 ὁ
261 1913 297 1979 δέ
312 1907 353 1998 δὴ
366 1909 543 1999 Ἀθηναῖος
558 1914 768 1998 Κλεισθένης
783 1908 848 1979 έόν
863 1919 925 1979 τοῦ
939 1919 1132 1982 Σικυωνίου

130 2011 254 2079 τούτου
274 2014 496 2098 θυγατριδέος
522 2013 578 2078 καὶ
602 2006 639 2076 τό
662 2007 792 2096 οὕνομα
817 2010 869 2077 έπλ
893 2009 1018 2079 τούτου
1042 2017 1134 2099 ἔχων,

107 2114 261 2178 ’δοκέειν
281 2110 352 2194 έμολ
372 2111 427 2177 καλ
448 2100 545 2186 οὗτος
561 2104 733 2196 ὑπεριδτᾶν
743 2105 879 2194 Ἴωνας,
900 2109 957 2174 ἵνα
977 2105 1024 2196 μὴ
1044 2117 1134 2196 σφίσι

131 2212 168 2276 αλ
176 2205 273 2275 αὐταὶ
284 2212 362 2275 ἔωσι
374 2209 478 2293 φυλαὶ
488 2210 544 2275 καὶ
552 2205 652 2291 Ἴωσι,
663 2204 725 2275 τὸν
735 2203 917 2294 ὁμώνυμον
927 2210 1134 2278 Κλεισθένεα

130 2303 320 2392 ἐμιμήσατο.
351 2303 394 2384 ὡς
410 2302 475 2391 γάρ
499 2302 539 2392 δὴ
555 2303 616 2373 τὸν
633 2303 822 2394 Ἀθηναίων
842 2308 950 2392 δῆμον
971 2307 1133 2396 πρότερον

129 2504 291 2593 εθήκατο,
314 2499 372 2580 τᾶς
390 2501 500 2588 φυλάς
516 2502 745 2589 μετοννόμασε
765 2505 820 2570 καὶ
840 2505 975 2589 ἐποίησε
989 2512 1133 2583 πλεῦνας

128 2607 161 2684 έξ
189 2603 389 2672 ἐλασσόνων.
424 2603 502 2670 δέκα
526 2627 562 2669 τε
581 2599 628 2689 Ιδὴ
657 2602 851 2688 φυλάρχους
872 2598 947 2668 ᾶντλ
967 2603 1132 2691 τεσσέρων

128 2705 279 2785 έποίησε,
302 2702 381 2767 δέκα
397 2699 433 2766 δὲ
450 2701 506 2767 καλ
525 2698 605 2778 τους
620 2701 747 2787 δήμους
761 2701 920 2785 κατένεμε
937 2701 971 2778 ἐς
990 2696 1053 2781 τᾶς
1069 2725 1132 2788 φυ-

127 2799 196 2878 λάς.
229 2791 274 2884 ἦν
293 2823 328 2865 τε
350 2795 412 2865 τόν
432 2801 539 2884 δῆμον
559 2802 790 2884 προσθέμενος
812 2805 924 2889 πολλῷ
941 2799 1131 2885 κατύπερθε

78 2907 112 2963 70
126 2904 194 2965 τῶν
223 2893 516 2964 ἀντιστασιωτέων.
564 2893 619 2964 Ἑν
641 2904 686 2987 τῷ
712 2900 806 2984 μέρει
830 2899 865 2964 δὲ
890 2889 1130 2982 έσσοάμενοςδ

124 2993 292 3081 Ἰσαγόρης
303 2990 530 3079 ἀντιτεχνᾶται
544 2995 639 3062 τάδε·
657 2998 861 3062 ἐπικαλέεται
871 2995 1067 3080 Κλεομένεα
1076 2988 1130 3063 τδσ

128 3093 411 3179 Λακεδαιμόνιον,
432 3095 618 3181 γενόμενον
639 3097 751 3185 ἑωυτῷ
773 3099 882 3172 ξεῖνον
898 3088 964 3160 ᾶπδ
980 3099 1042 3180 τῆς
1054 3099 1131 3163 Ha«

129 3194 364 3277 σιστρατιδέων
383 3201 585 3279 πολιορκίης.
615 3189 675 3260 τόν
694 3193 730 3260 δὲ
749 3194 938 3277 Κλεομένεα
959 3191 1026 3279 εἶχε
1050 3197 1129 3279 αἰτίη

129 3296 251 3378 φοιτᾶν
274 3287 363 3376 παρὰ
389 3299 450 3358 τοῦ
472 3288 648 3380 Ἰσαγόρεω
667 3290 732 3379 τὴν
756 3304 909 3378 γυναῖκα.
943 3288 984 3358 τᾶ
1006 3284 1128 3377 μλνδδ
1171 3308 1175 3345 ῑ

126 3395 239 3463 πρᾶτα
264 3392 403 3474 πέμπων
428 3387 447 3456 ὁ
472 3393 661 3480 Κλεομένης
689 3392 723 3469 ές
748 3388 808 3467 τᾶς
829 3385 976 3475 Ἀθήνας
999 3391 1124 3480 κη’ρυσσ

128 2401 329 2488 ἀπωσμένον
342 2403 416 2471 τότε
437 2402 546 2470 πάντα
563 2401 647 2491 πρός
667 2402 730 2492 τὴν
744 2407 872 2472 έωυτοῦ
886 2419 1010 2492 μοῖραν
1031 2425 1132 2496 προσ-
