2378 3840
136 152 200 215 ³28
515 158 790 218 HERODOTI‘

135 319 249 400 μέντοι
261 312 373 406 χρόνφ
388 311 470 401 μετά
484 321 588 383 ταῦτα
601 319 738 385 παλτῶν
752 321 951 386 Πλαταιέων
966 311 1079 406 εύρον
1091 338 1147 388 σο-

134 413 208 499 χνοὶ
227 413 337 499 θήκας
351 419 479 497 χρυσοῦ
493 415 548 480 καὶ
562 410 716 502 άργύρου
732 419 786 484 καλ
801 422 869 484 τῶν
885 413 1003 484 άλλων
1017 416 1149 504 χρημά-

135 536 210 578 των.
233 509 342 597 ἐφάνη
354 511 390 577 δὲ
401 512 457 578 καὶ
466 509 578 578 τοδε
554 531 696 600 νστερον
708 520 755 581 ἔτι
766 539 906 582 τουτων
929 521 1004 582 τῶν
1015 521 1147 601 νεκρῶν

134 612 432 698 περιψιλωθέντων
443 606 503 688 τάς
519 610 645 697 σάρκας
663 613 885 699 συνεφόρεον
899 610 970 700 γάρ
990 610 1037 682 τά
1054 610 1147 682 όστὲτ

134 714 170 778 οδ
179 699 368 787 Πλαταιέες
381 709 449 786 ἐς”
428 734 488 776 ενα
504 715 626 796 χῶρον·
650 706 777 798 εὑρέθη
791 707 921 798 κεφαλὴ
937 707 1006 779 ούκ
1024 715 1146 797 ἔχουσα

133 803 247 893 ῥαφὴν
260 802 439 925 ρύδεμίαν,
459 802 544 874 άλλά
560 807 626 885 ἐξ
609 804 683 887 ενός
698 811 800 875 ἐούσα
814 803 954 875 όστέου·
979 807 1099 928 ἐφάνη
1112 809 1148 876 66

132 904 188 971 καὶ
209 901 354 989 γνάθος,
379 900 488 971 καλ
453 929 491 970 το
513 900 584 969 ἅνω
602 911 660 990 τῆς
676 904 828 991 γνάθου,
853 908 978 990 ἔχουσα
1002 901 1147 984 ὀδόντας

131 1001 363 1086 μουνοφυέας,
379 1002 413 1080 ἐξ
425 998 500 1078 ἐνδς
511 995 630 1068 όστέου
642 1001 780 1088 πάντας,
795 1000 875 1079 τούς
885 1026 921 1070 τε
932 999 1144 1083 ὀδόνταςααλ
1183 1050 1185 1055 .

131 1094 211 1176 τούς
230 1103 412 1184 γομφίους·
434 1099 490 1164 καὶ
508 1098 734 1186 πενταπήχεος
752 1096 877 1187 ἀνδρὸς
898 1095 1003 1168 όστόα
1024 1103 1141 1188 ἐφάνη.

82 1209 119 1265 84
128 1192 220 1263 Ἐπεί
226 1220 261 1263 τε
273 1197 309 1264 δὲ
320 1200 521 1282 Μαρδονίου
532 1200 671 1284 δευτέρη
680 1193 787 1284 ἡμέρη
797 1192 816 1263 6
828 1193 950 1282 νεκρός
959 1193 1147 1284 ἠφάνιστο,

131 1292 192 1364 ὑπ’
204 1292 284 1363 ότευ
294 1295 356 1381 μὲν
367 1293 571 1384 άνδρύπων,
582 1293 766 1382 τδάτρεαὲς
777 1293 840 1363 ούα
851 1301 914 1382 ἐχω
925 1300 1053 1384 εἰπεῖν,
1064 1304 1145 1366 πολ·

129 1391 211 1474 λοδς
226 1395 265 1463 δέ
276 1421 369 1475 τινας
382 1393 446 1484 ἤδη
458 1398 513 1463 καὶ
523 1392 760 1475 παντοδαπούς
771 1393 900 1481 ἤκουσα
910 1392 1032 1476 θάψαι
1043 1402 1144 1481 Μαρ·

130 1492 264 1576 δόνιον,
286 1496 342 1560 καὶ
356 1496 448 1577 δῶρα
465 1492 593 1579 μεγάλα
609 1490 684 1559 οίδα
704 1492 869 1579 λαβόντας
882 1487 1041 1570 πολλούς
1055 1515 1140 1577 παρτ

126 1588 308 1684 Ἀρτόντεω
331 1597 393 1657 τοῦ
410 1594 612 1677 Μαρδονίου
631 1587 750 1669 παιδός
770 1586 825 1657 διά
842 1593 942 1657 τοῦτο
958 1585 1001 1656 τδ
1025 1595 1139 1678 ἔργον·

130 1686 220 1767 ὅστις
240 1680 397 1774 μέντοι
373 1713 418 1775 ην
432 1684 580 1756 αύτάυὸ
601 1685 809 1773 ὑπελόμενος
821 1712 857 1754 τε
871 1687 928 1754 καί
947 1684 1119 1769 θάψας
1085 1713 1142 1757 τον

129 1811 254 1873 νεαρου
263 1811 324 1853 τον
334 1790 552 1875 Μαρδονίου,
564 1812 607 1855 ον
595 1782 796 1871 ’δύναμαι’
777 1785 958 1872 ατρειιέως
950 1787 1136 1855 πυθέσθαι

130 1891 195 1972 ἔχει
209 1888 248 1954 δέ
258 1912 334 1955 τινα
346 1886 448 1971 φάτιν
461 1888 517 1955 καὶ
527 1885 792 1972 Διονυσοφάνης
805 1881 892 1970 άνηρ
903 1881 1064 1970 Ἐφέσιος
1075 1883 1139 1953 66·

80 2000 114 2056 8⁶
130 1998 190 2065 ναι
205 1985 415 2069 Μαρδόνιον.
451 1982 539 2054 Ἀλλ’
558 1983 577 2053 6
594 1987 656 2072 μὲν
670 1984 783 2074 τρόπςο
804 1980 945 2072 τοιούτφ
958 1981 1090 2069 ἐτάφη,
1111 1982 1140 2047 οί

129 2082 166 2151 δὲ
178 2080 335 2166 Ἕλληνες
351 2078 395 2161 69
410 2085 447 2150 ἐν
463 2090 648 2173 Πλαταιῇσι
662 2079 724 2168 τὴν
738 2087 836 2167 ληίην
851 2083 1038 2166 διείλοντο,
1058 2085 1138 2149 ἐδα-

128 2204 213 2248 πτον
222 2177 302 2260 τούς
311 2182 446 2248 ἑωυτῶν
456 2183 555 2268 χωρίς
565 2183 706 2248 ἕκαστον.
718 2175 979 2262 Λακεδαιμόνιοι
990 2177 1061 2263 μὲν
1069 2201 1140 2263 τρι-

128 2280 186 2363 ξὰς
208 2280 407 2368 ἐποιήσαντο
423 2279 541 2364 θήκας.
577 2285 663 2348 ἔνθα
684 2279 747 2364 μὲν
761 2275 840 2356 τούς
857 2279 969 2362 ίρένας
989 2282 1140 2363 ἔθαψαν,

127 2386 196 2446 τῶν
209 2379 265 2445 καὶ
280 2377 508 2454 Ποσειδάνιος
523 2374 578 2445 καὶ
592 2374 841 2464 Ἀμομφάρετος
855 2369 958 2495 ἦσαν
956 2378 1017 2443 καὶ
1035 2384 1138 2444 Φιλο-

127 2477 222 2544 κύων
231 2501 267 2543 τε
277 2478 333 2544 καί
345 2475 584 2562 Καλλικράτης.
605 2477 643 2543 ἐν
653 2475 715 2561 μέν
727 2473 767 2562 66
779 2476 829 2543 ἑνὶ
838 2480 906 2541 τῶν
915 2472 1042 2558 τάφων
1052 2468 1142 2562 ἦσαν

128 2569 188 2641 oc
128 2571 328 2660 οαριστέες,
344 2575 382 2640 ἐν
394 2570 432 2640 δὲ
440 2597 487 2662 τω
474 2571 644 2693 ἐτέρφοί
651 2569 967 2658 άλλοιΣπαρτνηται,
983 2574 1025 2639 ἐν
1042 2571 1080 2640 66
1094 2597 1142 2662 τφ

127 2675 225 2759 τρίτῳ
239 2673 275 2737 οί
287 2672 426 2747 εἵλωτες.
451 2639 555 2737 Οὗτοι
571 2669 688 2755 μέυ“
644 2695 734 2738 ουτω
744 2676 905 2754 ἔθαπτον,
925 2676 1093 2758 Τεγεῆται
1103 2639 1139 2737 6

126 2768 224 2890 χωρὶς
238 2764 366 2845 πάντας
384 2763 499 2850 άλέας,
521 2768 577 2833 καὶ
595 2762 768 2851 Ἀθηναῖοι
784 2760 864 2844 τούς
878 2763 1055 2835 immas
1039 2772 1142 2853 ομοῦ,

126 2889 181 2930 ται
171 2864 369 2949 Μεγαρέες
383 2887 419 2930 τε
439 2864 493 2929 καὶ
508 2863 664 2930 Φλιάσιοι
684 2860 763 2941 τούς
777 2859 843 2930 ύπὸ
858 2870 916 2950 τῆς
935 2865 1049 2933 ἵππου
1063 2868 1139 2932 δια·
1183 2922 1185 2941 ,

126 2963 327 3047 φθαρέντας.
366 2960 504 3030 Τούτων
525 2963 587 3048 μὲν
607 2959 648 3049 66
665 2960 804 3029 πάντων
818 2960 959 3047 πλήρεες
976 2963 1140 3048 ἐγένοντο

125 3062 158 3126 ot
172 3058 285 3143 τάφοι,
301 3063 370 3124 τῶν
381 3059 417 3126 δέ
428 3056 541 3127 άλλων
552 3056 626 3127 ὅσοι
640 3060 695 3182 μαλ
709 3064 887 3145 φαίνονται
898 3055 1139 3148 ἐνΠλαταιῇσι
1183 3004 1185 3157 Ι

124 3154 293 3234 ἐόντες
252 3180 370 3241 ταφοι,
392 3155 532 3236 τούτους
548 3159 602 3243 66,
628 3155 673 3236 69
693 3155 759 3244 ἐγω
776 3157 1016 3246 πυνθάνομαι,
1041 3163 1140 3230 ἐπαι·

123 3255 352 3337 σχννομένους
362 3258 402 3341 τῇ
413 3250 550 3323 άπεστοῑ
563 3261 621 3341 τῆς
630 3256 737 3343 μάχης
748 3257 908 3348 ἑκάστους
919 3255 1060 3342 χώματα
1070 3267 1138 3346 χοῖ-

123 3373 179 3420 σαι
194 3345 289 3420 κεινὰ
300 3357 369 3418 τῶν
380 3354 624 3439 ἐπιγινομένων
635 3356 764 3423 εἵνεκεν
775 3351 983 3441 άνδρύπων,
994 3357 1070 3427 ἐπεὶ
1082 3360 1138 3426 καὶ
