2378 3840
138 173 201 240 270
516 180 769 239 HERODOTJ

137 335 198 408 τὸν
214 346 349 427 πρῶτον
364 343 418 407 καλ
433 335 493 406 τόν
507 337 666 425 δεύτερον
680 345 852 428 κρίνοντες
869 341 906 409 ἐκ
923 342 1073 430 πάντων,
1089 343 1147 411 έν-

137 443 249 505 θαῦτα
262 444 327 515 πᾶς
342 463 391 516 τις
411 434 524 504 αὐτῶν
541 439 652 528 ἑωυτῷ
667 439 795 506 ἐτίθετο
810 435 872 523 τήν
887 445 1019 526 ψήφου,
1043 436 1147 519 αὐτὸς

137 538 272 614 ἕκαστος
286 538 414 603 δοκέων
429 533 562 620 άριστος
577 538 755 622 γενέσθαι,
771 534 911 622 δεύτερα
927 537 963 603 δὲ
978 540 1011 603 οί
1024 540 1147 606 πολλοὶ

136 634 376 712 συνεξέπιπτον
392 636 614 718 Θεμιστοκλέα
636 639 816 718 κρίνοντες.
854 639 888 702 οί
900 636 963 720 μὲν
983 633 1023 722 δή
1041 639 1147 722 ἐμου-

135 740 269 819 νοῦντο,
278 735 519 819 Θεμιστοκλέης
530 733 566 799 δὲ
574 735 795 822 δευτερηλοισι
802 728 1046 819 ὑπερεβάλλετο
1058 743 1145 803 πολ-

70 844 119 900 124
134 829 205 899 λόν.
246 826 297 897 Οὐ
314 833 532 917 βουλομένων
553 828 590 897 δέ
611 837 714 897 ταῦτα
732 836 861 916 κρίνειν
883 838 952 900 τῶν
968 830 1145 919 Ἑλλήνων

136 927 268 1018 φθόνῳ,
278 924 352 996 ἀλλ’
362 927 611 996 ἀποκλειόντων
623 928 772 996 ἑκάστων
783 930 816 1006 ἐς
826 926 888 1015 τήν
900 931 1034 997 ἑωυτόν
1045 929 1145 1016 άκρί-

135 1053 220 1113 των,
241 1025 330 1111 ὅμως
346 1029 586 1113 Θεμιστοκλέης
606 1026 741 1113 ἐβάσθη
758 1052 794 1094 τε
814 1028 870 1094 καὶ
890 1026 1041 1112 ἐδοξάθη
1056 1026 1144 1096 εἶναι

56 1165 60 1172 -
135 1121 221 1210 άνήρ
238 1121 365 1192 πολλόν
375 1123 544 1211 Ἑλλήνων
561 1123 754 1208 σοφώτατος
772 1119 837 1190 άυίι
853 1130 971 1191 ’πᾶσαν
990 1121 1053 1210 τήν
1066 1123 1142 1192 Ἑλ-

135 1220 230 1289 λάδα.
258 1214 483 1286 ὅτιδένικέων
501 1219 564 1288 οὐκ
579 1218 720 1306 ἐτιμήθη
736 1216 821 1304 πρὸς
835 1226 903 1287 τῶν
920 1224 957 1288 ἐν
971 1230 1143 1308 Σαλαμῖνι

136 1319 433 1407 ναυμαχησάντων,
444 1316 562 1388 αὐτίκα
573 1315 654 1406 μετὰ
665 1324 769 1386 ταῦτα
779 1320 1053 1406 έςΛακεδαίμουα
1062 1318 1144 1388 άπί-

133 1442 208 1485 κετο
230 1418 359 1484 ἐθέλων
379 1425 571 1505 τιμηθῆναι.
601 1421 661 1484 καί
676 1442 736 1502 μιν
753 1418 1012 1504 Λακεδαιμόνιοι
1030 1424 1143 1496 καλῶς

132 1515 196 1599 μὲν
208 1509 420 1600 ὑπεδέξαντο,
435 1516 587 1601 μεγάλως
599 1512 635 1581 δέ
646 1515 813 1599 ἐτίμησαν.
837 1512 989 1602 ἀριστήια
1000 1520 1063 1603 μέν
1077 1542 1143 1583 νυν

134 1618 255 1682 ἔδοσαν
271 1609 468 1701 Εόρυβιάδη
485 1613 594 1701 ἐλαίής
616 1615 802 1699 στέφανον,
824 1621 944 1701 σοφίης
959 1614 995 1682 δέ
1009 1619 1066 1684 καὶ
1085 1620 1142 1683 δε-

133 1708 280 1794 ξιότητος
294 1711 524 1796 Θεμιστοκλέι,
540 1712 596 1776 καὶ
606 1707 714 1797 τοότφ
728 1712 897 1795 στέφανον
911 1714 1030 1798 ἐλαίης.
1055 1716 1123 1780 ἐδω

133 1807 278 1896 ρήσαντο
294 1810 333 1876 δέ
344 1834 404 1895 μιν
420 1806 486 1900 ὅηφ
500 1814 545 1897 τῷ
560 1809 597 1874 έν
607 1806 749 1895 Σπάρτη
764 1808 1023 1877 καλλιστεύοντα
1047 1812 1141 1877 αίνέ-

132 1924 250 1983 σαντες
261 1908 297 1973 δέ
307 1907 426 1992 πολλά,
438 1907 657 1992 προέπεμψαν
668 1901 811 1972 άπιόυτα
821 1904 1006 1993 τριηκόσιοι
1017 1913 1140 1995 Σπαρ-

131 2006 271 2090 τιητέων
285 2003 440 2090 λογάδες,
463 1995 557 2071 οὗτοι
580 2005 677 2089 οἵπερ
701 2003 814 2080 ἱππέες
828 2004 1019 2088 καλέονται,
1041 2007 1139 2091 μέχρι

131 2098 243 2188 οὔρων
257 2107 325 2167 τῶν
344 2107 562 2187 Τεγεητικῶν,
578 2106 709 2187 μοῦνον
725 2097 765 2187 δή
781 2107 902 2169 τοῦτον
918 2100 1058 2169 πάντων
1076 2099 1140 2169 άν-

64 2215 114 2268 125
129 2199 281 2286 θράπων
297 2205 365 2266 τῶν
380 2196 474 2285 ἡμεῖς
488 2195 584 2284 ίδμεν
598 2195 806 2286 Σπαρτιῆται
820 2200 1049 2286 προέπεμψαν.
1081 2198 1139 2278 Ὡς

131 2301 166 2366 δὲ
178 2301 214 2366 ἐκ
225 2305 282 2386 τῆς
294 2303 542 2384 Λακεδαίμονος
553 2296 688 2367 ἀπίκετο
700 2300 733 2377 ἐς
744 2295 803 2377 τάς
814 2295 969 2386 Ἀθήνας,
986 2301 1139 2368 ἐνθαῦτα

133 2396 322 2483 Τιμόδημος
338 2395 545 2485 Ἀφιδναῖος,
567 2403 635 2465 τῶν
651 2399 784 2484 ἐχθράν
806 2395 868 2482 μέν
888 2404 957 2465 τῶν
974 2407 1139 2487 Θεμιστο-

129 2498 224 2574 κλέος
238 2493 314 2582 ἐάν,
331 2494 439 2576 άλλως
454 2495 489 2562 δὲ
506 2492 548 2562 οά
562 2502 631 2562 των
642 2495 835 2580 ἐπιφανέων
848 2491 995 2585 ἀνδρῶν,
1011 2499 1137 2591 φθόνφ

129 2598 369 2681 καταμαργέων
383 2598 505 2663 ἐνείκεε
519 2592 581 2662 τόν
592 2595 834 2681 Θεμιστοκλέα,
848 2591 910 2681 τήν
925 2596 959 2673 ἐς
970 2600 1139 2665 Λακεδαί-

129 2718 216 2778 μονα
232 2689 345 2771 ἄπιξιν
361 2696 561 2781 προφέρων,
579 2690 624 2771 ὡς
640 2689 696 2760 διά
710 2688 769 2770 τάς
782 2688 927 2780 Ἀθήνας
942 2698 1010 2779 ἔχοι
1024 2691 1065 2762 τά
1080 2697 1138 2782 γέ-

129 2818 189 2875 ρεα
203 2789 243 2858 τά
258 2789 348 2877 παρά
362 2797 653 2880 Λακεδαιμονίων,
676 2789 750 2861 άλλ’
768 2790 810 2861 οὐ
825 2789 872 2862 δι’
889 2793 1025 2862 έωυτόυ.
1050 2792 1069 2861 ὁ
1090 2796 1136 2881 δὲ,

129 2894 236 2959 ἐπείτε
263 2887 327 2956 οὐκ
360 2891 501 2959 ἐπαόετο
523 2897 627 2959 ταῦτα
646 2893 755 2977 λέγων
776 2888 794 2959 ὁ
819 2891 1025 2978 Τιμόδημος,
1048 2889 1137 2959 εἷπε·

129 2987 227 3058 Οὕτω
243 2995 308 3074 ἔχει
327 3015 395 3057 τοι·
424 2987 496 3056 οὔτ’
518 2985 563 3056 άν
580 2987 644 3076 ἐγά
666 2987 732 3058 έάν
755 2995 947 3074 Βελβινίτης
971 2990 1138 3079 ἐτιμήθην

127 3087 216 3156 οὕτω
236 3086 321 3172 πρὸς
335 3091 592 3174 Σπαρτιητέων,
615 3086 688 3157 οὔτ’
715 3084 759 3155 άν
780 3091 840 3174 σά,
863 3085 1048 3174 ὤνθρωπε,
1071 3087 1136 3156 ἐάν

123 3182 310 3272 Ἀθηυαίος

63 3304 110 3365 126
215 3291 327 3352 Ταῦτα
342 3289 405 3371 μέν
417 3312 483 3353 νυν
499 3289 532 3365 ἐς
544 3295 685 3356 τοσοῦτο
701 3286 843 3373 ἐγένετο,
855 3281 1054 3370 Ἀρτάβαζος
1066 3290 1103 3357 δέ
1116 3285 1135 3356 ὁ

124 3383 321 3468 Φαρνάκεος
336 3382 423 3474 άνήρ
438 3387 476 3454 έν
485 3385 635 3474 Πέρσησι
645 3387 783 3472 λόγιμος
794 3386 849 3452 καλ
860 3383 993 3468 πρόσθε
1005 3389 1083 3475 ἐάν,
1099 3390 1137 3458 ἐκ
