2378 3840
114 190 155 253 28
494 189 744 248 HERODOTI

115 350 259 440 ὕστερον
274 348 341 419 ῦπδ
355 355 515 418 Βοιωτῶν
525 343 754 433 ἀναχωρέουσι
766 347 799 422 ές
810 342 971 432 Ἀθήνας·
990 351 1052 414 καί
1062 365 1122 432 σφι

116 450 173 537 ίρά
192 455 260 519 έστι
283 453 320 517 ἐν
335 447 496 536 Ἀθήνησι
517 448 696 532 ἱδρυμένα,
723 451 792 512 τῶν
812 438 912 511 οῦδὲν
934 447 1014 529 μέτα
1038 459 1124 511 τοῖσι

116 558 260 618 λοιποῖσι
274 547 499 636 Ἀθηναίοισι,
522 544 606 615 ἀλλα
626 571 663 612 τε
681 548 907 631 κεχωρισμένα
922 550 990 610 τῶν
1010 543 1123 613 ἀλλων

117 655 201 733 ἱρῶν
218 645 329 734 καλδὴ
346 651 401 716 καὶ
415 645 556 732 Ἀχαιίης
570 645 750 731 Δήμητρος
766 642 842 728 ἱρόν
858 644 963 710 τεκαὶ
978 640 1088 728 ὄργια.

69 758 104 813 6²
196 746 242 816 ‘H
248 749 310 834 μὲν
320 745 445 834 δήὄψις
456 751 518 814 τοῦ
526 741 709 829 Ἱππάρχου
722 743 896 826 ἐνυπνίου,
904 742 959 808 καί
970 744 1122 827 οίΓεφν-

118 861 207 937 ραλοι
221 847 307 916 ὅθεν
325 844 541 933 ἐγεγόνεσαν,
563 850 631 911 τῶν
648 836 737 930 ἦσαν
750 847 785 911 οί
791 839 974 930 Ἱππάρχου
991 843 1121 927 φονέες,

118 945 288 1033 ἀπήγηταί
298 969 372 1030 μοι·
408 946 461 1010 δελ
477 944 514 1012 δὲ
529 939 613 1029 πρός
629 941 777 1009 τοῦτοισι
797 947 845 1009 ἔτι
864 938 1046 1029 ἀναλαβεῖν
1062 938 1122 1008 τόν

118 1041 191 1112 κατ’
209 1038 312 1127 ἀρχάς
326 1038 383 1129 ἤια
403 1041 507 1120 λέξων
528 1039 648 1126 λόγον,
671 1036 716 1118 ὥς
735 1039 915 1128 τυράννων
928 1035 1115 1128 ἦλευθερά·

119 1152 232 1228 θησαν
242 1138 424 1226 Ἀθηναίοι.
442 1137 587 1207 ’Ἱππίεω
597 1137 865 1221 τυραννεύοντος
878 1141 933 1206 καλ
948 1141 1122 1224 ἐμπικραι-

121 1242 266 1325 νομένου
289 1236 495 1325 Ἀθηναίοισι
515 1233 571 1305 διά
593 1233 654 1303 τόν
674 1235 856 1323 Ἱππάρχου
876 1235 1031 1304 θάνατον
1050 1231 1123 1304 Ἀλ-

120 1340 320 1422 κμαιωνίδαι
343 1336 439 1422 γένος
460 1334 571 1412 ἐόντες
589 1333 763 1421 Ἀθηναῖοι
777 1338 832 1404 καὶ
846 1335 1029 1422 φεύγοντες
1044 1341 1123 1402 Πει-

121 1437 347 1519 σιστρατίδας,
378 1435 485 1500 ἐπείτε
508 1453 570 1517 σφι
591 1431 660 1517 ἅμα
681 1447 766 1501 τοῖσι
787 1431 916 1500 ἀλλοισι
933 1429 1122 1518 Ἀθηναίων

123 1531 250 1617 φυγάσι
272 1531 511 1616 πειρωμένοισι
534 1526 618 1597 κατά
643 1527 680 1597 τό
707 1527 846 1617 ίσχνρὸν
869 1525 912 1596 οὐ
935 1528 1122 1617 προεχώρεε

122 1625 394 1717 ἦκάτοδος,ἀλλά
408 1632 632 1715 προσέπταιον
648 1629 799 1714 μεγάλως
821 1624 1024 1715 πειρεόμενοι
1045 1655 1122 1695 κατ-

122 1729 209 1792 ιέναι
234 1750 269 1791 τε
290 1727 345 1792 καὶ
365 1729 571 1812 ἐλευθεροῦν
591 1725 650 1805 τάς
669 1723 829 1812 Ἀθήνας,
857 1725 1067 1811 Λειψύδριον
1085 1725 1119 1794 τό
1159 1760 1161 1781 ¹

122 1819 207 1907 ὑπὲρ
226 1828 390 1910 Παιονίης
409 1831 623 1910 τειχίσαντες,
650 1825 799 1891 ἐνθαῦτα
820 1827 855 1891 οί
869 1819 1121 1907 Ἀλκμαιωνίδαι
1157 1784 1161 1923 ί

122 1928 191 1989 πᾶν
204 1923 257 1989 ἐπὶ
270 1936 356 1990 τοῖσι
365 1927 655 2010 Πεισιστρατίδῃσι
666 1919 907 2007 μηχανεόμενοι
913 1915 990 2010 παρ’
1004 1919 1121 2008 Ἀμφι-
1159 1928 1161 1961 ³

124 2021 279 2088 κτυόνων
288 2017 348 2087 τόν
359 2017 444 2105 νηόν
457 2026 660 2106 μισθοῦνται
670 2017 732 2086 τόν
745 2022 783 2088 έν
794 2028 968 2107 Δελφοῖσι,
984 2018 1047 2088 τὸν
1060 2026 1122 2087 νῦν

125 2115 238 2202 ἐόντα,
252 2116 328 2184 τότε
342 2119 379 2185 δὲ
396 2116 503 2201 οῦκω,
520 2123 640 2185 τοῦτον
651 2120 908 2206 ἐξοικοδομῆσαι.
930 2114 984 2188 οἷοι
998 2120 1036 2194 δὲ
1045 2144 1123 2206 χρη·
1159 2166 1161 2203 i

124 2213 239 2301 μάτων
255 2206 294 2281 εὖ
309 2212 446 2300 ἥκοντες
463 2218 519 2284 καὶ
539 2216 649 2295 έόντες
668 2214 789 2307 ἄνδρες
810 2219 943 2304 δόκιμοι
957 2216 1123 2287 ἀνέκαθεν
1159 2251 1161 2257 ·

125 2317 183 2397 έτι,
194 2311 255 2379 τόν
268 2337 304 2380 τε
314 2311 399 2399 νηὸν
410 2315 629 2402 ἐξεργάσαντο
639 2321 701 2381 τοῦ
711 2320 976 2402 παραδείγματος
986 2315 1123 2385 κάλλιον

124 2409 165 2478 τά
180 2436 215 2478 τε
229 2407 330 2498 άλλοι,
346 2414 401 2481 καὶ
411 2419 632 2502 συγκειμένου
648 2434 709 2501 σφι
725 2421 876 2504 πωρίνου
887 2423 989 2485 λίθον
1000 2421 1125 2485 ποιέειν

74 2519 109 2574 ⁶³
125 2507 186 2577 τόν
203 2508 289 2597 νηόν
301 2517 434 2599 Παρίου
453 2509 494 2580 τά
514 2519 685 2600 ἔμπροσθε
705 2510 811 2582 αὐτοῦ
828 2516 1032 2601 ἐξεποίησαν.
1069 2510 1125 2590 Ὡς

127 2599 175 2674 οἶν
187 2605 227 2694 δὴ
241 2611 276 2675 οί
283 2605 455 2696 Ἀθηναῖοι
469 2615 615 2698 λέγουσι,
631 2604 725 2680 οῦτοι
740 2615 776 2680 οί
783 2609 903 2700 ἀνδρες
914 2615 951 2682 έν
962 2621 1125 2699 Δελφοῖσι

125 2707 305 2794 κατήμενοι
316 2704 498 2777 ἀνέπειθον
508 2707 570 2796 τὴν
579 2717 719 2798 Πυθίην
728 2710 881 2799 χρήμασι,
896 2711 983 2791 ὅκως
994 2717 1126 2781 ἔλθοιεν

126 2808 365 2893 Σπαρτιητέων
382 2805 503 2894 ἀνδρες
517 2818 582 2876 είτε
599 2814 672 2899 ίδίφ
687 2810 796 2901 στόλφ
811 2819 875 2878 εἴτε
885 2815 1034 2902 δημοσίῳ
1047 2833 1126 2896 χρη-

126 2905 280 2991 σόμενοι,
304 2906 488 2993 προφέρειν
504 2927 564 2992 σφι
581 2906 640 2986 τάς
650 2906 796 2996 Ἀθήνας
810 2911 1025 2995 ἐλευθεροῦν.
1058 2914 1126 2976 Λα·

127 3001 334 3089 κεδαιμόνιοι
350 3004 403 3091 δέ,
427 3002 470 3083 ἀς
487 3028 548 3090 σφι
567 3009 631 3074 αίελ
650 3002 756 3074 τῶντό
776 3005 974 3093 πρόφαντον
991 3007 1126 3093 ἐγίνετο,

127 3102 296 3187 πέμπουσι
315 3097 521 3197 Ἀγχιμόλιον
541 3101 602 3170 τόν
622 3100 787 3190 Ἀστέρος,
810 3103 908 3172 ἐόντα
929 3109 998 3170 τῶν
1019 3101 1127 3171 ἀστῶν

127 3197 236 3284 ἀνδρα
257 3197 413 3285 δόκιμον,
441 3198 506 3268 σῦν
527 3208 655 3291 στρατῶ
677 3198 845 3276 ἐξελέοντα
857 3205 1128 3289 Πεισιστρατίδας

129 3299 162 3375 ἐξ
175 3292 360 3384 Ἀθηνέων,
383 3296 472 3384 ὅμως
486 3301 541 3366 καὶ
560 3303 689 3378 ξείνους
704 3318 765 3385 σφι
780 3299 895 3377 ἐόντας
914 3297 955 3366 τά
970 3299 1128 3384 μάλιστα·

129 3390 168 3461 τά
184 3395 249 3480 γάρ
268 3401 330 3463 τοῦ
353 3402 439 3465 θεοῦ
462 3397 672 3484 πρεσβύτερα
694 3400 865 3465 ἐποιεῦντο
883 3391 904 3482 ἢ
919 3392 959 3461 τά
980 3403 1050 3462 τῶν
1072 3390 1127 3461 ἀν·
