2378 3840
318 172 403 228 [ιε.
436 175 471 229 v.
505 174 604 234 σεε.
635 183 783 252 εο-εε,
808 191 833 242 τ.
1036 183 1078 248 λθ

69 320 185 393 αύτών
199 332 338 396 Βοιωτοὶ
353 355 408 396 και
397 333 669 418 Χαλκιδέες,’
628 363 710 422 ταχα
726 343 765 407 δέ
772 367 822 418 τις
837 345 892 410 καὶ
906 341 1005 423 ἀλλος
1022 346 1077 414 ἐκ

68 424 288 511 μαθήσεται’
271 429 439 514 αμαρτών.
467 431 540 498 ἐπεί
538 455 572 496 τε
589 435 625 501 δὲ
637 435 747 503 ἐκεῖνα
758 439 956 559 ποιήσαντες
966 439 1076 528 ἡμάρ-

70 546 188 609 τομεν,
205 531 271 592 νῦν
284 526 515 615 πειρησόμεθά
528 549 633 615 σφεας
644 529 713 618 ἅμα
724 531 806 620 ὑμῖν
817 534 1015 621 ἀπικόμενοι
1026 545 1076 607 τί-

68 633 213 691 σασθαι
235 621 340 694 αύτοῦ
371 626 436 714 γάρ
462 626 583 694 τούτου
615 631 742 696 ελνεκεν
768 631 864 700 τόνδε
890 661 925 701 τε
945 634 1075 723 ΜΙππιην

66 723 350 810 μετεπεμψάμεθα
370 722 460 794 καθ’
442 729 545 812 υμέας
560 722 627 794 ἀπό
645 735 713 796 τῶν
733 737 917 820 πολίων,”
902 760 957 801 ινα
972 742 1075 823 κοινῷ

65 846 102 888 τε
114 820 204 910 λόγῳ
215 823 270 889 καὶ
281 846 384 912 αοινῳ
370 821 503 912 στόλῳ
516 826 788 912 ἐσαγαγόντες’
746 826 851 897 αυτόν
862 828 942 909 ἐς
906 857 964 909 τας
972 829 1074 918 Ἀθη·

65 945 130 997 νας
143 916 321 1007 ἀποδῶμεν
334 948 375 989 τα
364 919 444 1040 καὶ
458 919 674 1010 ἀπειλόμεθα.
700 927 788 996 OC
752 955 815 1012 μεν
830 935 933 996 ταῦτα
945 935 1071 1015 ἔλεγον,
1087 946 1123 1000 92

66 1025 134 1087 τών
150 1020 186 1087 δὲ
196 1019 380 1106 συμμάχων
390 1016 428 1087 τό
443 1027 573 1106 πλῆθος
590 1020 652 1091 οὐκ
665 1025 833 1093 ἐνεδέκετο
847 1022 927 1104 τούς
941 1026 1071 1112 λόγους.

65 1121 100 1185 οἱ
112 1119 176 1202 μέν
190 1142 256 1183 νυν
268 1115 389 1186 άλλοι’
373 1125 515 1206 ησυχίην
524 1146 622 1208 ημον,
636 1128 821 1209 Κορίνθιος
833 1123 869 1190 δὲ
880 1126 1073 1208 Σωσικλέης

64 1219 155 1296 ἔλεξε
171 1214 266 1283 τάδε·
283 1209 327 1283 Ἠ
338 1213 378 1304 δὴ
394 1214 415 1284 ό
427 1242 462 1284 τε
478 1214 623 1306 ούρανδς
634 1225 724 1289 ἔσται
736 1225 856 1308 ἔνερθε
870 1227 928 1308 τῆς
941 1228 1002 1308 γῆς
1016 1223 1070 1287 καὶ
1085 1247 1099 1298 1

63 1313 144 1401 ἠχῇ
157 1317 321 1401 μετέωρος
336 1313 422 1401 ὑπὲρ
445 1323 506 1383 τοῦ
527 1313 677 1403 ούρανοῦ
697 1321 752 1386 καὶ
773 1323 806 1386 ολ
818 1318 996 1406 ἅνθρωποι
1013 1343 1073 1384 νο·

64 1409 132 1500 μόν
146 1415 184 1480 ἐν
197 1413 354 1503 θαλάσσῃ
374 1416 487 1494 ἕξουσι
508 1417 563 1483 καὶ
578 1421 612 1484 οἱ
623 1415 740 1501 ἰχθύες
753 1412 814 1483 τδν
828 1415 994 1503 πρότερον
1010 1412 1073 1482 άν-

63 1524 216 1599 θρωπσι,
234 1510 289 1582 ότε
305 1540 343 1600 με
358 1509 468 1600 ὑμεῖς,
485 1507 794 1601 ώΛακεδαιμόυιοι,
807 1520 996 1600 ἰσοκρατίας
1010 1539 1072 1580 κα-

63 1611 244 1691 ταλύοντες
253 1616 455 1694 τυραννίδας
466 1614 499 1691 ἐς
510 1610 569 1691 τάς
580 1613 676 1692 πόλις
687 1613 845 1699 κατάγειν
856 1609 1071 1697 παρασκευά·

65 1718 178 1799 ζεσθε,
194 1719 255 1780 τοῦ
271 1710 348 1780 οὔτε
365 1708 570 1797 ἀδικώτερον
580 1708 682 1779 ούδέν
697 1714 766 1779 ἐστι
778 1707 851 1778 κατ’
864 1707 1070 1796 ἀνθρώπους

17 1878 23 1883 .
66 1809 141 1879 ἰὕτε
156 1809 435 1898 μιαιφονώτερον.
458 1813 488 1876 εἰ
499 1805 564 1894 γάρ
580 1806 620 1894 δὴ
636 1807 737 1877 τοῦτό
753 1834 791 1893 με
807 1809 914 1875 δοκέει
928 1804 1010 1893 ὑμῖν
1023 1803 1070 1872 εἶ-

64 1935 119 1976 ναι
132 1905 277 1996 χρηστόν
293 1907 377 1977 ὥστε
386 1906 655 1994 τυραννεύεσθαι
669 1904 727 1985 τὰς
742 1905 854 1993 πόλις,
870 1902 965 1973 αὐτοὶ
976 1909 1070 1990 πρώ-

62 2034 111 2076 τοι
126 2008 296 2096 τύραννον
309 2006 595 2094 καταστησάμενοι
613 2003 703 2094 παρά
718 2012 814 2093 σφίσι
829 1999 958 2071 αύτοῖσι
979 2000 1068 2068 οὕτω

61 2109 116 2176 καὶ
129 2121 215 2176 τοῖσι
226 2105 355 2176 ἄλλοισι
367 2111 503 2192 δίζησθε
514 2105 725 2174 κατιστάναι·
740 2110 806 2172 νῦν
819 2102 855 2170 δὲ
867 2097 962 2169 αὐτοὶ
972 2097 1069 2167 άπει-

20 2236 24 2241 ·
61 2231 116 2289 ροι
131 2204 241 2284 ἐόντες
258 2205 436 2292 τυράννων
457 2206 512 2271 καὶ
527 2203 757 2288 φυλάσσοντες
777 2199 951 2270 δεινότατα
968 2204 1067 2265 τοῦτο

10 2370 13 2375 .
59 2308 97 2374 ἐν
113 2311 155 2394 τῇ
170 2304 309 2394 Σπάρτη
326 2301 371 2392 μὴ
387 2307 546 2390 γενέσθαι
560 2306 779 2389 παραχρᾶσθε
792 2303 825 2380 ἐς
841 2297 920 2378 τούς
934 2298 1068 2385 συμμύ-

10 2408 14 2443 '
57 2429 158 2491 χους·
180 2407 211 2471 εἰ
224 2402 260 2470 δὲ
279 2400 373 2470 αὐτοὶ
387 2409 537 2490 ἔμπειροι
552 2405 642 2487 ἔατε,
667 2400 815 2487 κατάπερ
839 2395 950 2489 ἡμεῖς,
967 2407 1066 2484 εἴχετε

56 2500 103 2572 ἀν
114 2505 191 2586 περὶ
202 2499 308 2570 αύτοῦ
318 2498 639 2620 χνώμαςάμείνονας
650 2495 916 2587 σνμβαλέσθαι”
893 2523 978 2586 ηπερ
990 2504 1064 2564 νῦν.

57 2605 275 2684 Κορινθίοισι
290 2597 354 2722 ηδρ
367 2591 412 2685 ἦν
426 2597 543 2676 πόλιος
555 2597 753 2674 κατάστασις
766 2595 894 2683 τοιήδε·
913 2588 957 2684 ἦν
972 2593 1064 2710 ὀλιχ·
1078 2629 1095 2680 ²

56 2706 175 2788 αρχίη,
195 2701 250 2766 καλ
268 2689 363 2767 οὗτοι
379 2697 563 2785 Βακχιάδαι
581 2694 778 2783 καλεόμενοι
792 2701 913 2820 ἔνεμοι
926 2695 990 2785 την
1003 2694 1066 2764 πό-

57 2806 133 2882 λιν,
161 2797 317 2866 ἐδίδοσαν
337 2795 374 2866 δὲ
394 2793 492 2869 καλ”
470 2820 592 2888 ηχυντσ
613 2795 647 2884 ἐξ
660 2789 832 2890 ἀλλήλων,
854 2792 1008 2925 Ἀμμίονι
1030 2794 1067 2869 δὲ

55 2896 149 2968 εῗόντι
163 2893 294 2973 τούτων
304 2904 372 2974 τών
383 2892 518 2997 άνδρών
528 2903 655 2997 γίνεται
669 2901 825 3032 θνματηρ
835 2935 942 3000 χωιη
963 2901 1065 2976 σύνσ-

56 3024 104 3085 μα
119 3001 203 3069 δδί
168 3004 203 3069 οἱ
210 3027 254 3089 ην
264 3002 391 3092 Λαβδα
407 3007 534 3095 ταύτην
542 3008 806 3098 Βακχιαδέων
766 3035 832 3099 μαρ
844 3004 1065 3096 ούδειςῆθδδὸ

55 3105 172 3186 γῆμαι,
184 3107 267 3188 ἴσχει
278 3097 464 3175 Ἠετίωνό’
457 3108 679 3198 Εχεκράτεος,
695 3109 804 3200 δῆμον
816 3113 878 3199 μὲν
889 3115 925 3180 ἐκ
937 3112 1065 3197 Πέτρης

55 3191 290 3317 ἐών,α’τάρ
254 3228 294 3268 τα
307 3197 477 3274 ἀιέκαθεν
487 3214 643 3296 Λαπόθης
654 3235 690 3278 τε
701 3214 756 3278 καὶ
768 3216 957 3296 Καινείδης.
980 3210 1017 3277 εἰι
1028 3209 1089 3274 δέ

54 3297 90 3361 αι’
103 3296 228 3382 ταύτης
247 3305 305 3384 τῆς
320 3301 481 3386 γυναικός
498 3302 572 3372 οὐδ’
591 3307 624 3387 ἐξ
646 3304 747 3397 ἄλλης
767 3312 880 3388 παῖδες
902 3310 1061 3395 ἐγίνοντο
