2378 3840
101 173 143 236 40
481 174 735 232 HERODOTI

102 332 187 419 πρὸς
197 331 244 399 τά·
255 329 446 418 ἀγάλματα,
465 329 507 398 οὐ
518 335 729 418 δυναμένους
742 331 779 398 δέ
793 326 986 397 ἀνασπάσαι
1000 331 1037 397 έκ
1048 335 1114 397 τῶν

103 433 247 520 βάθρων
268 427 353 499 αὐτά
375 428 464 497 οὕτω
482 427 523 515 δη
540 432 825 517 περιβαλομένους
841 433 971 513 σχοινία
993 429 1114 514 ἕλκειν,

104 533 138 608 ές
157 527 177 597 δ
197 527 360 615 ἑλκόμενα
379 525 420 594 τά
442 523 616 613 ἀγάλματα
638 525 811 613 ἀμφότερα
834 523 941 593 τώυτὸ
964 532 1114 612 ποιῆσαι,

105 633 176 717 ἐμοὶ
187 630 249 716 μὲν
260 624 302 694 οὐ
312 622 412 694 πιστά
423 628 587 711 λέγοντες,
599 623 688 717 άλλφ
700 627 739 693 δέ
747 649 827 713 τεφ·
843 625 877 702 ές
886 622 1039 709 γούνατα
1050 623 1115 710 γάρ

106 750 167 814 σφι
181 723 266 793 αὐτοὶ
283 738 414 809 πεσεῖν,
432 727 487 792 καί
500 720 562 790 τδυ
576 720 643 790 άπδ
654 723 778 790 τούτου
791 721 917 809 χρόνον
932 724 1115 791 διατελέειν

108 827 196 896 οὕτω
211 832 336 912 έχοντα.
374 821 575 910 Ἀθηναίους
588 823 650 908 μέν
665 820 706 907 δὴ
723 828 829 889 ταῦτα
844 822 990 907 ποιέειν,
1010 824 1114 908 σφέας

107 925 143 993 δέ
160 929 337 1010 Αίγινῆται
358 926 494 1008 λέγουσι
515 926 733 1007 πυθομένους
752 919 832 1000 τοὺς
845 918 1052 1008 Ἀθηναίους
1072 919 1114 1000 ὡς

105 1029 260 1112 μέλλοιεν
280 1023 333 1090 ἐπὶ
358 1024 461 1108 σφέας
482 1020 742 1108 στρατεύεσθαι,
769 1021 921 1106 ἑτοίμους
943 1018 1113 1109 Ἀργείους

106 1121 290 1189 ποιέεσθαι.
311 1119 390 1198 τούς
398 1144 434 1186 τε
445 1116 485 1205 δὴ
498 1116 697 1205 Ἀθηναίους
712 1114 920 1205 ἀποβεβάναι
934 1121 968 1197 ἐς
983 1117 1109 1205 τηυΔί-

105 1223 257 1306 γιναίην,
282 1218 338 1284 καὶ
356 1231 511 1299 παρεῖναι
540 1215 737 1299 βωθέουτάς
754 1234 815 1300 σφι
837 1214 917 1294 τοὺς
931 1213 1111 1306 Ἀργείους,

72 1346 80 1357 ’
105 1316 160 1383 καὶ
175 1322 295 1382 λαθεῖν
311 1339 347 1382 τε
361 1316 393 1393 έξ
405 1311 607 1401 Ἐπιδαύρου
621 1314 801 1401 διαβάντας
815 1316 848 1392 ές
862 1311 925 1401 τὴν
939 1322 1049 1402 νῆσον
1060 1315 1110 1384 καὶ

106 1413 147 1484 οὐ
162 1413 390 1501 προακηκοόσι
401 1426 486 1481 τοῖσι
497 1410 706 1500 Ἀθηναίοισι
721 1417 889 1481 ἐπιπεσεῖν
899 1410 1112 1500 ὑποταμομέ-

105 1536 188 1589 νους
201 1507 238 1576 ιδ
255 1506 320 1577 άπὸ
336 1515 404 1576 τῶν
419 1514 523 1595 νεῶν,
539 1506 608 1596 άμα
618 1536 654 1578 τε
665 1513 703 1578 έν
716 1510 824 1600 τούτῳ
837 1507 900 1596 τὴν
914 1509 1067 1599 βροντήν
1079 1535 1113 1578 τε

64 1633 97 1688 37
105 1611 265 1697 γενέσθαι
281 1609 336 1676 καὶ
350 1605 411 1675 τδν
426 1605 563 1693 σεισμὸν
580 1606 719 1677 αὐτοῖσι.
742 1610 881 1695 Λέγεται
895 1611 957 1694 μέν
971 1635 1041 1676 υυν
1052 1606 1100 1676 ὑπ

103 1707 261 1794 Ἀργείων
269 1731 305 1773 τε
316 1708 372 1774 καὶ
382 1710 589 1793 Αἰγινητέων
600 1706 691 1793 τάδε,
703 1703 916 1794 ὁμολογέεται
930 1708 967 1774 δέ
981 1709 1039 1776 καὶ
1053 1704 1112 1774 ὑπ’

81 1869 84 1873 .
103 1804 293 1892 Ἀθηναίων
314 1805 373 1872 ἕνα
393 1812 523 1890 μοῦνον
543 1803 604 1872 τδυ
625 1802 845 1872 ἀποσωθέντα
864 1803 979 1874 αὐτῶν
1000 1808 1036 1884 ές
1051 1803 1110 1892 τὴν
1143 1829 1152 1841 “

104 1903 253 1992 Ἀττικὴν
267 1908 443 1990 γενέσθαι·
464 1901 552 1991 πλὴν
562 1900 704 1990 Ἀργεῐοι
717 1903 780 1988 μέν
794 1905 930 1989 λέγουσι
945 1901 1112 1971 αὐτῶντὸ
1131 1915 1134 1920 ’

104 2001 252 2070 Ἀττικὸν
274 2002 500 2088 στρατόπεδον
526 2003 798 2088 διαφθειράντων
824 2000 885 2069 τδν
908 2005 969 2070 ἕνα
991 2010 1113 2071 τοῦτον

108 2103 354 2185 περιγενέσθαι,
366 2097 538 2185 Ἀθηναῖοι
550 2103 587 2168 δὲ
596 2107 657 2167 τοῦ
669 2104 861 2186 δαιμονίου·
874 2104 1111 2187 περιγενέσθαι

108 2201 221 2284 μέντοι
233 2195 312 2265 οὐδὲ
324 2204 445 2265 τοῦτον
458 2195 519 2264 τδν
534 2199 610 2282 ἕνα,
628 2193 702 2265 ἀλλ’
716 2193 902 2265 άπολέσθαι
912 2198 1029 2289 τρόπω
1043 2226 1110 2269 τοι·

109 2299 188 2386 βδε·
212 2297 384 2379 κομισθεὶς
394 2292 459 2381 γάρ
474 2297 507 2374 ές
517 2294 577 2375 τάς
588 2293 733 2382 Ἀθήνας
744 2292 923 2382 ἀπήγγειλε
933 2295 971 2365 τδ
983 2299 1108 2379 πάθος·

108 2394 304 2477 πυθομένας
317 2392 353 2458 δέ
364 2389 423 2470 τάς
433 2410 594 2478 γυναῖκας
604 2401 672 2461 τῶν
683 2391 736 2462 ἐπ’
749 2405 896 2481 Αίγιναν
907 2415 1108 2485 στρατευσα-

107 2494 219 2575 μένων
233 2486 386 2576 άνδρῶν,
407 2493 521 2561 δεινόν
539 2521 572 2561 τι
591 2498 816 2581 ποιησαμένας
836 2499 967 2579 ἐκείνου
981 2508 1108 2586 μοῦνον

107 2591 140 2668 έξ
155 2584 315 2655 ἁπάντων
329 2594 499 2675 σωθῆναι,
519 2592 613 2673 πέριξ
633 2586 693 2656 τὸν
708 2587 895 2677 ἄνθρωπον
914 2601 1039 2664 τοῦτον
1054 2606 1106 2667 λα-

106 2690 232 2777 βοάσας
240 2689 505 2769 καὶκεντεοάσας
511 2696 587 2776 τῇσι
600 2691 762 2780 περόνησι
775 2699 844 2759 τοῖν
859 2697 1001 2779 ίματίων
1014 2703 1107 2785 είρω·

106 2796 169 2855 τᾶν
183 2787 325 2871 ἑκάστην
338 2783 484 2872 αὐτέων,
496 2785 559 2875 ὄκη
571 2799 621 2872 εἴη
634 2785 652 2855 ὁ
666 2791 790 2874 ἑωυτῆς
801 2786 897 2877 άνήρ.
919 2793 975 2859 καὶ
989 2800 1107 2862 τοῦτον

106 2890 168 2974 μὲν
184 2883 272 2952 οὕτω
288 2889 535 2971 διαφθαρῆναι,
555 2882 762 2971 Ἀθηναίοισι
778 2885 815 2954 δέ
836 2893 883 2955 ἔτι
903 2895 965 2955 τοῦ
981 2891 1105 2968 πάθεος

107 2983 299 3070 δεινότερόν
313 3009 344 3050 τι
360 2982 454 3062 δόξαι
468 2980 552 3050 εἶναι
566 2981 603 3051 τδ
615 2990 683 3051 τῶν
692 2990 867 3069 γυναικῶν
881 2991 991 3073 ἔργον.
1021 2986 1105 3079 ι’ίλλφ

106 3085 168 3170 μέν
184 3079 224 3169 δὴ
241 3078 303 3148 οὐκ
318 3086 406 3165 ἔχειν
420 3077 502 3170 ὅπερ)
518 3081 704 3167 ζημιώσωσι
723 3080 782 3160 τάς
798 3097 977 3170 γυναῖκας,
995 3083 1060 3172 τὴν
1075 3087 1106 3154 δέ

105 3184 232 3267 ἐσθῆτα
247 3181 430 3265 μετέβαλον
444 3174 573 3246 αὐτέων
590 3182 623 3258 ές
636 3178 699 3267 τὴν
708 3178 812 3248 Ἰάδα·
831 3181 975 3268 ἐφόρεον
987 3177 1104 3272 γάρδη

105 3276 170 3367 πρὸ
187 3284 247 3346 τοῦ
264 3282 300 3344 αί
313 3284 381 3344 τῶν
393 3274 582 3365 Ἀθηναίων
596 3295 754 3366 γυναῖκες
767 3281 894 3364 ἐσθῆτα
903 3286 1055 3371 Δωρίδα,
1070 3289 1106 3372 τῇ

110 3384 274 3464 Κορινθίῃ
293 3377 633 3464 παραπλησιωτάτην·
658 3379 841 3463 μετέβαλον
863 3370 912 3444 οἷν
927 3380 961 3457 ές
976 3378 1040 3448 τδν
1061 3388 1104 3451 λέ
1148 3406 1152 3415 ·
