2378 3840
101 153 162 216 122
477 155 728 215 HERODOTI

98 317 153 384 καί
174 317 253 402 πρὶν
276 315 426 401 μεγάλως
448 317 697 399 κεχαραγμένον
718 329 804 384 τοῖσι
819 313 1027 402 Ἀθηναίοισι
1048 314 1104 384 διά

97 411 160 500 τὴν
171 416 204 494 ἐς
213 414 343 505 Σάρδις
357 418 517 500 έσβοληυ,
533 415 587 480 καὶ
603 411 644 498 δὴ
659 416 714 482 καὶ
727 415 802 482 τότε
816 422 929 505 πολλῷ
942 443 978 484 τε
994 419 1106 484 δεινό-

97 539 177 597 τερα
197 515 304 581 ἑποίεε
325 513 530 598 καὶμᾶλλον
554 509 686 597 ὥρμητο
707 513 949 599 στρατεύεσθαι
970 517 1024 582 ἐπὶ
1043 511 1106 600 τὴν

91 607 242 677 Ἑλλάδα.
265 612 320 677 καὶ
337 606 456 677 αὐτίκα
473 610 536 694 μὲν
552 610 769 694 ἐπηγγέλλετο
784 615 924 696 πέμπων
942 608 1105 699 ἀγγέλους

97 707 181 780 κατά
195 709 291 789 πόλις
307 709 490 797 ἑτοιμάζειν
502 707 675 797 στρατιὴν,
690 717 803 801 πολλῷ
816 714 904 780 πλέω
916 712 1104 780 ἐπιτάσσων

98 810 280 896 ἑκάστοισι,
294 807 317 898 ἢ
331 809 498 894 πρότερον
509 823 683 896 παρεῖχον,
698 810 754 877 καὶ
770 810 847 888 νέας
861 835 897 876 τε
912 810 967 877 καὶ
980 811 1103 886 ἵππους

97 914 153 978 καὶΙ
170 924 263 978 σῖτον
282 913 349 994 [καὶ
370 917 492 990 πλοϊαλ.
520 910 651 978 τούτων
672 910 708 978 δέ
731 913 1064 998 περιαγγελλομένων
1081 908 1101 995 ἡ

93 1010 183 1096 Ἀσίη
200 1011 349 1079 ἐδονέετο
367 1013 419 1080 ἐπὶ
433 1017 508 1098 τρία
523 1017 595 1080 ἑτεα
612 1013 886 1100 καταλεγομένων
897 1037 933 1078 τε
946 1017 1015 1078 τῶν
1029 1007 1103 1097 άρί-

96 1129 185 1175 στων
194 1105 512 1194 ὦςέπδτηνἙλλάδα
524 1111 817 1195 στρατευσομένων
827 1111 1103 1196 καίπαρασκευα-

25 1283 29 1289 ‚
97 1211 253 1296 ζομένων.
274 1205 1102 1300 τετάρτῳδὲἐτειΑίγάπτιοιὺπόΚαμβύσεωδου-

94 1305 262 1387 λωθέντες
273 1305 462 1396 άπὲστησαν
474 1305 539 1374 άπδ
550 1309 718 1394 Περσέων.
738 1308 887 1374 ἐνθαῦτα
899 1300 939 1391 δὴ
951 1305 1008 1373 καὶ
1017 1311 1101 1390 μάλ-

66 1414 156 1477 ·ιλον
171 1404 303 1493 όρμητο
319 1410 375 1476 καὶ
385 1403 436 1476 ἐπ’
454 1403 665 1494 ἀμφοτέρους
678 1405 929 1494 στρατεύεσθαι.
953 1411 1100 1473 Στελλο-

95 1506 201 1590 μένου
213 1509 249 1573 δὲ
259 1512 410 1593 Δαρείου
421 1502 473 1574 ἐπ’
487 1514 662 1591 Αἴγυπτον
672 1507 727 1573 καὶ
737 1502 881 1591 Ἀθήνας
891 1509 960 1571 τῶν
971 1505 1102 1569 παίδων

95 1599 202 1668 αὐτοῦ
212 1603 327 1682 στάσις
338 1606 468 1688 ἐγένετο
482 1603 609 1690 μεγάλη
620 1603 693 1688 περὶ
706 1607 764 1687 τῆς
773 1598 962 1688 ἡγεμονίης,
979 1594 1024 1676 ὡς
1049 1602 1103 1666 δεῖ

95 1724 155 1784 μιν
171 1695 378 1780 ἀποδέξαντα
393 1703 531 1788 βασιλέα
545 1697 628 1768 κατά
642 1696 702 1768 τόν
715 1699 875 1783 Περσέων
888 1697 996 1783 νόμον
1012 1691 1100 1761 οὕτω

43 1791 45 1798 ’
95 1793 346 1880 στρατεύεσθαι.
375 1790 462 1884 ἦσαν
482 1796 547 1885 γάρ
560 1802 695 1887 Δαρείῳ
715 1794 951 1882 καὶπρότερον
967 1789 988 1880 ἢ
1004 1801 1102 1881 βασι-

95 1897 213 1960 λεῦσαι
223 1892 399 1978 γεγονότες
412 1909 499 1979 τρεῖς
514 1898 628 1972 παῖδες
640 1896 676 1962 έκ
687 1899 743 1979 τῆς
754 1892 917 1979 προτέρης
929 1886 1101 1977 γυναικὸς,

94 1987 264 2075 Γωβράεω
284 1990 471 2080 θυγατρός,
496 1994 551 2060 καὶ
569 1991 805 2079 βασιλεύσαντι
820 1993 853 2069 ἐξ
871 1987 1027 2075 Ἀτόσσης
1045 1994 1102 2074 τῆς

94 2083 215 2170 Κόρου
229 2086 336 2172 ἕτεροι
350 2090 509 2173 τέσσερες.
533 2097 601 2156 τῶν
611 2088 674 2176 μὲν
687 2085 728 2174 δὴ
739 2088 911 2176 προτέρων
921 2087 1101 2175 ἐπρέσβευε

90 2176 347 2268 Ἀρτοβαζάνης,
368 2191 436 2250 τῶν
456 2184 493 2252 δὲ
513 2186 759 2271 ἐπιγενομένων
777 2185 908 2271 Ξέρξης.
937 2185 1049 2261 ἐόντες
1066 2183 1101 2249 δὲ

94 2273 218 2362 μητρός
240 2274 281 2344 οὐ
301 2285 359 2364 τῆς
382 2277 484 2367 αὐτῆς
503 2283 712 2366 ἐστασίαζον,
734 2278 752 2348 δ
774 2281 837 2366 μὲν
850 2278 1100 2368 Ἀρτοβαζάνης,

93 2372 167 2442 κατ’
184 2373 249 2442 ότι
266 2379 493 2466 πρεσβύτατός
508 2407 544 2448 τε
565 2389 615 2468 είη
633 2377 760 2458 παντός
778 2386 840 2447 τοῦ
853 2380 960 2465 γόνον
976 2383 1033 2449 καὶ
1051 2378 1099 2447 ότι

93 2474 295 2562 νομιζόμενα
310 2487 360 2564 είη
375 2475 459 2567 πρδς
472 2480 611 2548 πάντων
624 2478 819 2567 ἀνθρώπων
833 2478 894 2547 τόν
910 2479 1101 2566 πρεσβύτα-

93 2601 154 2643 τον
168 2573 229 2663 τὴν
245 2573 352 2663 ἀρχὴν
366 2583 468 2665 ἔχειν,
487 2581 610 2665 Ξέρξης
621 2578 668 2666 δὲ,
687 2576 732 2657 ὡς
741 2576 896 2663 Ἀτόσσης
911 2604 946 2646 τε
960 2593 1039 2658 παῖς
1051 2589 1100 2666 εἴη

93 2681 151 2761 τῆς
171 2674 291 2760 Κύρου
312 2674 482 2764 θυγατρός
501 2680 556 2745 καὶ
577 2675 629 2745 ότι
650 2683 763 2761 Κῦρος
784 2684 835 2761 εἴη
855 2671 873 2742 ὁ
895 2677 1100 2762 κτησάμενος

64 2787 178 2847 ετοῖσι
190 2775 339 2861 Πέρσησι
355 2770 418 2860 την
433 2777 639 2863 ἐλευθερίην.
667 2781 817 2860 Δαρείου
832 2775 868 2842 δέ
885 2771 949 2842 οὐκ
963 2771 1100 2843 άποδει-

92 2873 265 2956 κνυμένοη
280 2896 329 2938 κω
342 2872 484 2960 γνώμην
497 2873 657 2959 ἐτύγχανε
668 2871 751 2940 κατά
762 2869 868 2940 τώυτό
880 2873 1031 2942 τούτοισι
1047 2879 1100 2942 καί

93 2968 295 3056 Δημάρητος
309 2966 327 3037 δ
341 2967 536 3057 Ἀρίστωνος
550 2970 765 3060 ἀναβεβηκὼς
777 2975 810 3050 ἐς
820 2979 948 3060 Σοῦσα,
964 2977 1100 3062 ἐστερη-

94 3071 194 3152 μένος
210 3091 246 3133 τε
260 3073 317 3152 τῆς
332 3070 369 3136 ἐν
383 3070 525 3158 Σπάρτη
540 3077 714 3158 βασιληίης
730 3071 785 3138 καὶ
800 3068 915 3158 φυγὴν
930 3073 1100 3162 έπιβαλών

93 3167 206 3251 ἑωυτῷ
219 3165 523 3253 έκΛακεδαίμονος.’
534 3162 632 3247 οὗτος
643 3167 734 3256 ὡνηρ
746 3170 941 3256 πυθόμενος
950 3179 1020 3241 τῶν
1027 3184 1099 3242 Δα-

93 3267 186 3347 ρείου
200 3267 330 3330 παίδων
340 3261 403 3352 τὴν
414 3264 593 3353 διαφορήν,
607 3266 729 3355 έλθοδν,
749 3265 793 3346 ὡς
807 3264 827 3354 ἡ
840 3267 937 3353 φάτις
944 3296 1008 3359 μιν
1023 3277 1097 3358 ἔχει,

91 3362 196 3447 Ξέρξη
208 3363 434 3451 συνεβούλευε
444 3369 555 3452 λέγειν
567 3368 651 3454 πρὸς
661 3381 746 3436 τοῖσι
758 3372 849 3452 ἔλεγε
860 3371 964 3452 ἔπεσι,
978 3367 1026 3449 ὡς
1036 3368 1097 3439 αὐ·
