2378 3840
152 189 238 244 LIB.
270 188 306 243 V.
340 186 436 244 CAP.
466 185 668 244 124-L113.
701 187 749 242 Vl.
784 186 881 244 CAP.
914 192 941 245 5.
1006 183 1046 248 61
1097 229 1100 232 >

40 348 261 433 Αρταφέρνης
277 345 339 431 μὲν
358 350 462 412 ταῦτα
483 344 515 420 ἐς
535 338 598 429 την
621 339 806 411 ἀπόστασιν
826 349 943 429 ἔχοντα
963 342 1078 429 εἶπεν

30 442 184 522 Ἱστιαῖος
206 444 243 510 δὲ
264 446 374 520 δείσας
400 438 443 518 ῦς
468 442 626 507 συνιέντα
646 436 870 527 Ἀρταφέρνεα
895 436 961 506 δπδ
983 438 1046 527 τήν

34 540 176 627 πράτην
192 541 404 608 ἐπελθοῦσαν
418 538 524 605 νύκτα
536 534 663 622 ἀπέδρη
678 539 731 604 ἐπὶ
745 537 933 623 θάλασσαν,
948 545 1046 624 βασι-

35 646 96 714 λέα
106 653 256 729 Δαρεῖον
267 640 490 726 ἐξηπατηκώς·
510 638 547 716 δς
557 635 682 724 Σαρδώ
697 644 803 722 νῆσον
813 635 875 724 τὴν
886 644 1046 724 μεγίστην

34 739 286 824 ὑποδεξάμενος
306 737 582 824 κατεργάσεσθαι,
593 734 740 803 ὑπέδυνε
760 742 828 802 τῦν
845 733 968 806 Ἰάνων
982 733 1046 820 τὴν

35 835 219 925 ἡγεμονίην
233 842 294 902 τοῦ
304 831 388 922 πρδς
398 845 547 920 Δαρεῖον
557 834 715 921 πολέμου.
738 831 855 921 διαβάς
866 835 902 902 δὲ
914 836 947 912 ἐς
958 839 1042 901 Χίον

34 937 147 1020 ἐδέθη·
160 931 227 1001 ὑπὸ
248 939 358 1018 Χίων,
387 936 637 1019 καταγνωσθεὶς
655 928 739 1019 πρὸς
761 930 874 999 αὐτῶν
894 932 1042 1014 νεώτερα

34 1033 199 1120 πρήσσειν
214 1033 390 1120 πρήγματα
411 1036 444 1109 ἐς
470 1027 594 1108 αύτούς
622 1031 658 1096 έιι
682 1036 840 1115 Δαρείου.
874 1029 1041 1115 μαθόντες

33 1126 149 1220 μέντοι
165 1138 199 1199 οί
212 1141 289 1200 Χῖοι
302 1129 362 1198 τδν
378 1131 487 1197 πάντα
503 1127 622 1213 λόγον,
646 1124 690 1205 ὡς
708 1129 863 1213 πολέμιος
879 1136 929 1213 είη
943 1135 1040 1215 βασι-

34 1233 100 1316 λέϊ,
119 1235 243 1298 ἔλυσαν
257 1228 370 1296 αῦτύν.
405 1226 571 1296 Ἐνταῦθα
582 1223 622 1312 δὴ
641 1226 877 1314 είρωτεύμενος
890 1223 957 1293 ὑπὸ
973 1233 1072 1292 τοῦτο

31 1330 155 1402 Ἰιύνων
176 1329 193 1397 ὁ
211 1321 376 1416 Ἱστιαῖος,
395 1325 469 1396 κατ’
487 1326 552 1401 ὅτι
567 1326 753 1412 προθύμως
770 1323 859 1392 ούτω
875 1327 1040 1392 ἐπέστειλε

32 1436 79 1520 τῷ
88 1427 308 1516 Ἀρισταγόρῃ
322 1425 526 1496 ἀπίστασθαι
541 1422 607 1492 ἀπὸ
622 1427 776 1512 βασιλέος
790 1427 846 1492 καί
863 1422 969 1492 κακδν
982 1450 1040 1491 το-

33 1523 597 1613 σοῦτονείηἼωναςέξεργασμένος,
617 1521 679 1610 τὴν
698 1524 760 1609 μὲν
775 1527 961 1610 γενομένην
975 1519 1040 1589 αύ-

35 1643 119 1696 τοίσι
135 1633 244 1713 αἰτίην
260 1626 302 1693 ού
317 1627 407 1714 μάλα
422 1629 584 1712 ἐξέφαινε,
601 1623 618 1692 ὁ
635 1626 670 1692 δὲ
687 1627 781 1710 ἐλεγέ
793 1643 865 1711 σφι,
883 1621 926 1703 ὡς
940 1631 1019 1712 βασι

31 1725 110 1805 λεύς
122 1735 266 1812 Δαρεῖος
281 1724 503 1812 ἐβουλεύσατο
516 1731 676 1802 Φοίνικας
690 1724 752 1811 μὲν
764 1723 986 1812 ἐξαναστήσας
1001 1727 1038 1793 έν

32 1821 186 1912 τῇΊωνίη
201 1831 402 1909 κατοικίσαι,
415 1823 535 1903 Ἴωνας
552 1826 587 1892 δὲ
603 1825 640 1890 ἐν
655 1830 694 1911 τῇ
709 1831 868 1912 Φοινίκη,
888 1822 943 1892 καὶ
957 1823 1038 1891 τού-

30 1949 99 1990 των
111 1926 239 1991 εἵνεκεν
251 1925 450 1993 ἐπιστείλειε.
469 1922 569 1994 οὐδέν
580 1951 611 1991 τι
622 1924 755 2003 πάντως
764 1931 868 1992 ταῦτα
881 1925 1034 2012 βασιλέος

30 2026 304 2110 βουλευσαμένου
318 2023 493 2110 ἐδειμάτου
508 2020 718 2102 τοῦςἽωνας.
747 2019 844 2090 Μετά
860 2024 896 2090 δὲ
911 2019 1064 2090 man-4

29 2136 101 2202 αϊος
116 2121 161 2191 δι’
174 2121 319 2210 ἀγγέλου
329 2125 528 2211 ποιεύμενος
537 2124 724 2212 Ἑρμίππου
735 2123 859 2213 ἀνδρὸς
869 2123 1038 2211 Ἀταρνεί-

28 2246 92 2288 τεω
108 2235 193 2288 τοῖσι
215 2224 251 2289 ἐν
266 2223 412 2310 Σάρδισι
432 2227 525 2292 ἐοῦσι
539 2226 698 2308 Περσίσιν
715 2229 839 2311 ἔπεμπε
859 2231 972 2312 βιβλία
993 2221 1037 2300 ὡς

28 2326 407 2406 προλελεσχηνευμένων
428 2319 518 2412 αύτῷ
536 2319 737 2399 ἀποστάσιος
752 2324 836 2409 πέρι.
866 2321 884 2390 δ
908 2324 944 2390 δέ
957 2319 1036 2407 ‘'Eo-

28 2442 152 2504 μιππος
184 2416 269 2503 πρδς
285 2418 365 2500 τοῦς
379 2421 442 2508 μὲν
457 2419 680 2509 ἀπεπέμφθη,
696 2419 738 2489 ού
752 2418 849 2508 διδοῖ,
869 2426 983 2509 φέρων
999 2425 1036 2491 δέ

29 2519 207 2602 ἐνεχείρισε
220 2514 259 2584 τά
275 2526 389 2607 βιβλία
405 2517 628 2608 Ἀρταφέρνεί.
659 2518 678 2588 δ
700 2522 738 2588 δέ
753 2519 876 2607 μαθών
893 2521 983 2588 άπαν
997 2522 1034 2590 τὸ

26 2614 209 2702 γινόμενον
225 2619 357 2687 ἐκέλευε
371 2616 627 2704 τδνἝρμιππον
637 2616 677 2686 τά
689 2621 751 2705 μὲν
765 2619 856 2709 παρὰ
868 2629 928 2689 τοῦ
937 2620 1035 2690 Ἱστι-

26 2718 105 2781 αίου
121 2717 241 2782 δοῦναι
254 2717 400 2800 φέροντα
424 2722 574 2807 τοίσίπερ
594 2722 703 2804 ἔφερε,
718 2715 759 2784 τά
771 2720 808 2786 δὲ
821 2715 979 2807 ἀμοιβαῖα
994 2717 1033 2787 τά

25 2807 118 2894 παρά
135 2818 202 2879 τῶν
214 2815 374 2898 Περσέων
389 2811 661 2902 ἀντιπεμπόμενα
670 2811 810 2906 Ἱστιαίην
825 2817 937 2905 ἑωυτῷ
953 2821 1032 2884 δοῦ-

25 2935 92 2978 ναι.
117 2908 248 2978 τούτων
263 2910 299 2979 δὲ
315 2914 509 2999 γενομένων
524 2918 683 2999 φανερῶν
695 2911 867 2980 ἀπέκτεινε
883 2915 1033 3004 ἐνθαῦτα

25 3010 172 3088 πολλοῦς
188 3013 348 3096 Περσέων
369 3008 635 3099 δ’Λρταφέρνης.
672 3013 757 3097 Περὶ
770 3011 898 3096 Σάρδις
915 3011 1032 3099 μὲνδὴ
1049 3028 1065 3079 ⁵

27 3110 156 3195 ἐγένετο
168 3106 303 3196 ταραχὴ,
315 3106 471 3178 Ἱστιαῖον
482 3110 518 3178 δὲ
530 3111 651 3197 ταύτης
662 3108 899 3196 ἀποσφαλέντα
910 3117 967 3197 τῆς
978 3113 1033 3179 ἐλ-

26 3208 121 3282 πίδος
135 3213 212 3273 Χῖοι
226 3213 372 3294 κατῆγον
388 3209 421 3287 ἐς
434 3215 590 3294 Μίλητον
604 3206 710 3277 αύτοῦ
718 3206 873 3277 Ἱστιαίου
889 3212 1032 3296 δεηθέν-

27 3327 88 3380 τος.
113 3306 148 3369 οί
161 3303 196 3369 δὲ
207 3303 372 3391 Μιλήσιοι
383 3302 522 3391 ἅσμενοι
534 3302 801 3392 ἀπαλλαχθέντες
816 3309 871 3374 καὶ
881 3305 1032 3395 Ἀριστα-

27 3398 134 3485 γύρεω
152 3398 306 3488 οῦδαμῦς
326 3403 500 3492 πρόθυμοι
523 3396 610 3492 ἦσαν
631 3402 735 3474 ἀλλον
752 3404 922 3489 τύραννον
938 3409 1031 3474 δέκε-

1046 3470 1120 3626 Ι
