2378 3840
97 116 158 222 Ι218
474 158 725 218 HERODOTI

101 317 173 408 μετ’
191 318 296 387 αύτοῦ
312 315 577 402 ἀπαλλάξεσθαι,
594 314 677 384 ἀλλά
692 322 947 400 καταμείναντες
959 315 1107 385 συναπεὶ

101 429 221 487 θανον.
246 415 439 504 ἐστρατήγεε
454 417 490 482 δὲ
507 411 619 481 αὐτῶν
632 413 829 500 Δημόφιλος
842 413 1052 502 Διαδρόμεω.

57 533 85 586 ιδ
183 520 305 602 Ξέρξης
321 518 356 583 δὲ
378 516 447 583 ἐπεὶ
466 511 564 601 ἡλίου
581 510 814 591 ἀνατείλαντος
825 511 977 591 σπονδάς
991 513 1108 599 ἐποιή-

74 649 79 658 ·
102 636 199 699 σατο,
218 609 361 699 ἐπισχών
374 612 499 699 χρόνον
514 613 547 689 ές
558 609 681 697 ἀγορῆς
693 636 757 677 κου
767 611 908 697 μάλιστα
919 610 1108 699 πληθάρην

103 712 272 798 πρόσοδον
288 713 449 780 ἐποιέετο
471 712 526 778 καὶ
541 707 606 795 γάρ
622 711 796 776 ἐπέσταλτο
809 708 860 790 έξ’
858 711 1029 779 Επιάλτεω
1045 708 1109 777 ού-

57 822 77 871 1
102 837 157 878 τω
171 808 236 877 ἀπὸ
248 807 312 897 γάρ
325 816 386 878 τοῦ
398 807 546 896 ούρεοςη
534 805 738 929 ’κατάβασις
749 812 981 895 συντομωτέρη
993 835 1026 874 τε
1022 810 1108 876 ἐστι

103 914 158 979 καὶ
172 905 407 998 βραχύτερος’
393 934 411 974 ο
425 913 532 994 χῶρος
553 903 721 975 πολλόν”
698 931 782 993 ηπερ
796 935 816 994 η
804 904 987 991 ’περίοδός
1000 933 1035 974 τε
1053 908 1109 973 καί

105 1006 276 1095 ἀνάβασις.
301 1011 378 1074 οἵτε
392 1003 433 1093 δη
448 1007 664 1094 βάρβαροι
629 1031 646 1072 ο
677 1002 761 1123 ἀμφι
751 1007 899 1093 Ηερξην
908 1005 1108 1093 προσηισαν,

105 1109 159 1174 καὶ
174 1109 207 1172 οί
220 1101 305 1190 ἀμφὶ
318 1108 492 1190 Λεωνίδην
502 1099 712 1189 Έλληνες,’
691 1130 735 1182 ως
747 1130 809 1190 την
821 1107 873 1172 ε’πλ
883 1104 1021 1196 θανάτῳ
1034 1108 1108 1183 ἔξο-

105 1207 166 1270 δον
182 1201 392 1287 ποιεύμενοι,
407 1199 471 1288 ἤδη
482 1208 594 1291 πολλῷ
605 1206 734 1287 μάλλον
744 1197 766 1287 ἢ
777 1198 850 1268 κατ’
864 1200 965 1289 ἀρχάς
977 1201 1109 1288 ἐπεξήι-

105 1303 217 1378 σανές
228 1296 265 1366 τό
283 1296 465 1386 εὐρύτερον
478 1305 539 1367 τού
554 1295 701 1383 αύχένος.
720 1295 758 1366 τό
770 1301 832 1384 μὲν
845 1296 910 1385 γάρ
926 1305 1031 1386 ἔρυμα
1048 1304 1109 1364 τοῦ

102 1403 224 1482 τείχεος
239 1394 461 1482 ἐφυλάσσετο,
478 1400 512 1463 οί
524 1396 560 1462 δὲ
575 1392 639 1462 ἀνά
655 1392 713 1472 τάς
727 1398 888 1482 προτέρας
901 1393 1025 1482 ἡμέρας
1042 1391 1109 1460 ὑπ-

104 1495 246 1576 εξιόντες
261 1497 293 1574 ἐς
307 1493 347 1562 τά
359 1494 558 1580 στεινόπορα
575 1494 746 1579 ἐμάχοντο,
764 1492 838 1560 τότε
853 1493 888 1560 δέ
900 1499 1109 1579 συμμίσγον-

101 1622 154 1673 τες
170 1601 231 1675 έξω
245 1599 313 1661 τάν
324 1600 464 1660 στεινῶν
480 1597 619 1659 ἔπιπτον
629 1589 754 1678 πλήθει
762 1593 879 1658 πολλοὶ
894 1598 961 1658 τῶν
976 1590 1108 1677 βαρβά-

103 1719 189 1779 ρων·
211 1691 331 1759 ὄπισθε
342 1688 407 1777 γάρ
423 1695 457 1771 ηί
464 1686 625 1776 ἡγεμόνες
636 1695 704 1756 τῶν
714 1691 836 1758 τελέων
847 1694 975 1775 ἔχοντες
987 1690 1108 1776 μάστι·

102 1818 163 1878 γας
178 1790 355 1878 ἐρράπιζον
370 1787 480 1856 πάντα
501 1786 625 1874 ἀνδρα,
649 1789 712 1856 αίελ
729 1790 761 1865 ές
779 1783 817 1854 τό
833 1788 949 1875 πρόσω
963 1787 1108 1873 ἐποτρύ-

102 1916 226 1966 νοντες.
244 1889 361 1956 πολλοὶ
376 1883 489 1972 μὲνδὴ
502 1888 678 1954 ἐσέπιπτον
689 1884 845 1965 αύτῶνές
855 1885 918 1974 τὴν
927 1887 1103 1954 θάλασσαι

102 1993 157 2057 καὶ
178 1993 430 2073 διεφθείροντο,
448 1991 560 2075 πολλῷ
581 1981 612 2052 δ’
636 1990 683 2052 ἔτι
704 1990 844 2062 πλεῦνες
865 1989 1106 2053 κατεπατέοντο

104 2089 178 2169 ζωοὶ
189 2083 248 2153 ὑπ’
261 2083 431 2171 ἀλλήλων·
452 2075 496 2169 ἦν
508 2082 544 2152 δέ
554 2083 654 2170 λόγος
665 2082 775 2164 οὐδεὶς
788 2091 848 2152 τοῦ
860 2081 1104 2170 ἀπολλυμένου.

103 2185 160 2253 ἀτε
177 2180 241 2271 γάρ
258 2183 469 2270 ἐπιστάμενοι
484 2181 545 2251 τόν
554 2185 718 2269 μέλλοντά
732 2207 793 2270 σφι
806 2190 941 2253 ἔσεσθαι
952 2184 1107 2252 θάνατον

102 2290 139 2355 έκ
153 2291 221 2353 τῶν
236 2280 436 2367 περιιόντων
450 2280 487 2350 τό
503 2275 622 2370 οὖρος,
640 2280 878 2352 ἀπεδείκνυντο
896 2282 1007 2370 ῥύμης
1023 2281 1106 2350 ὅσον

104 2385 193 2470 εἶχον
205 2385 361 2470 μέγιστον
372 2385 405 2461 ές
415 2380 495 2462 τούς
505 2383 708 2471 βαρβάρους,
724 2384 991 2473 παραχρεόμενοί
1000 2410 1037 2451 τε
1052 2388 1106 2453 καλ

57 2503 86 2556 14
100 2479 260 2558 ἀτέοντες
293 2480 455 2567 Λούρατα
474 2483 537 2568 μέν
554 2509 619 2548 νυν
642 2497 727 2551 τοῖσι
748 2487 862 2552 πλέοσι
879 2482 990 2550 αὐτῶν
1010 2511 1105 2571 τηνι-

81 2585 207 2655 καύτα
222 2576 380 2665 ἐτύγχανε
396 2581 578 2667 κατεηγότα
594 2579 675 2667 ηδη,
693 2607 722 2649 οι
716 2584 776 2648 δέ
790 2596 875 2648 τοῖσι
890 2562 998 2667 ξίφεσι
1014 2586 1108 2670 διερ-

100 2676 239 2761 γάζοντο
250 2701 329 2754 τους
340 2680 479 2762 Πέρσας.
495 2681 551 2747 καλ
561 2684 731 2765 Λεωνίδης
740 2706 776 2747 τε
787 2682 824 2747 έν
834 2680 942 2771 τούτῳ
954 2688 999 2769 τῷ
1011 2680 1107 2771 πόνφ

100 2778 211 2842 πίπτει
229 2770 314 2861 ἀνὴρ
335 2775 516 2862 γενόμενος
537 2775 686 2864 ἀριστος,
707 2780 763 2845 και
783 2780 889 2865 ἕτεροι
910 2775 980 2862 μετ’
999 2775 1107 2844 αὐτοῦ

101 2868 302 2957 ούνομαστοί
312 2875 561 2960 Σπαρτιητέων,
577 2902 645 2943 των
656 2873 754 2962 ἐγω“
733 2902 777 2954 ως
788 2873 923 2964 ἀνδρῶν
934 2873 1038 2955 ἀξίων
1049 2902 1107 2993 γε·

100 2971 254 3056 νομένων
264 2969 488 3056 ἐπυθόμην
452 2998 491 3038 τα
504 2970 687 3059 οὐνόματα,
703 2973 880 3060 ἐπυθόμην
889 2970 1107 3040 δὲκαλάπάυ-

98 3086 167 3136 των
182 3076 249 3135 τῶν
262 3075 471 3154 τριηκοσίων.
503 3074 558 3139 καὶ
574 3068 614 3158 δη
636 3077 690 3139 καὶ
703 3074 861 3158 Περσέων
876 3078 1033 3140 πίπτουσι
1050 3075 1108 3139 έν-

98 3172 210 3234 θαύτα
225 3164 320 3233 ἀλλοι
334 3193 369 3234 τε
384 3168 501 3237 πολλοὶ
516 3172 571 3236 καὶ
585 3167 798 3256 ούνομαστοι,
815 3171 851 3237 έν
863 3170 899 3236 δε
912 3165 951 3256 δη
965 3196 1020 3237 και
1009 3170 1108 3237 Δα-

98 3269 192 3350 ρείου
207 3262 270 3330 δύο
284 3270 409 3352 παῖδες,
421 3263 625 3354 Ἀβροκόμης
639 3292 674 3334 τε
689 3265 761 3334 καί
761 3266 1013 3388 Υπεράυθης,’
996 3295 1032 3336 ειι
1047 3296 1108 3355 της

95 3353 258 3443 Ἀρτάνεω
272 3360 443 3448 θυγατρός
459 3365 700 3452 Φραταγούνης
720 3364 896 3451 γεγονότες
913 3375 1058 3458 Λαρείςο
1086 3363 1106 3438 δ
