2378 3840
153 170 214 235 140
495 178 770 261 εειιουοτι
869 205 872 211 ·

151 320 195 406 69
210 332 306 394 πέντε
322 329 463 413 μάλιστά
478 357 519 416 κη
529 330 796 418 ἀναφαινόμενος
806 337 931 406 ἐκδιδοῖ
939 334 1100 419 καίοντος
1112 346 1144 420 ές

149 424 208 493 τόν
216 431 431 511 Μαίανδρον.
454 430 489 493 έκ
505 427 541 493 δὲ
552 428 776 497 Κολοσσέων
760 432 961 518 ορμεύμενος
976 433 992 502 6
1005 435 1144 521 στρατός

149 525 201 590 ἐπὶ
214 520 293 599 τούς
306 520 428 607 ούρους
442 529 509 588 τῶν
526 531 670 610 Φρυγῶν
684 529 738 594 καὶ
747 531 871 595 Λυδῶν
881 528 1013 597 ἀπίκετο
1026 531 1058 608 ἐς
1069 533 1143 598 Κύ

150 623 256 704 δραρα
276 618 390 702 πόλιν,
415 625 499 686 ἔνθα
516 620 616 705 στήλη
638 637 902 709 καταπεπηγυῖα,
926 636 1084 740 σταθεῖσα
1105 630 1142 695 δὲ

149 713 215 782 ὑπὸ
232 722 395 801 Κροίσου,
410 717 613 800 καταμηνύει
630 715 684 783 διά
698 720 900 804 γραμμάτων
915 719 993 798 τούς
1007 722 1139 809 οὔρους.

95 825 127 879 31
143 813 200 892 Ὡς
215 815 251 881 δέ
270 818 307 882 έκ
320 823 376 901 τῆς
392 823 539 901 Φρυγίης
553 819 687 903 ἐσέβαλε
706 819 739 894 ές
752 818 813 903 τήν
827 822 971 905 Λυδίην,
993 827 1141 907 σχιζομέ-

148 937 208 995 νης
222 916 278 995 τής
292 908 374 979 6606
394 915 448 979 καὶ
468 919 524 998 τῆς
541 914 602 996 μὲν
624 911 695 990 ές’
677 913 852 1001 αριστερήν
869 918 922 983 ἐπὶ
936 925 1062 1004 Καρίης
1078 944 1140 1003 φε-

148 1007 287 1095 ρούσης,
303 1016 361 1096 τῆς
376 1009 412 1076 δὲ
426 1013 458 1086 ές
473 1007 584 1095 δεξιήν
599 1011 631 1086 ές
644 1010 786 1128 Σάρδις,
803 1037 843 1099 τη
829 1015 912 1079 καὶ
925 1018 1140 1131 πορευομένῳ

147 1102 352 1187 διαβῆναι
318 1130 377 1172 τον
391 1109 592 1188 Μαίανδρον
606 1105 756 1191 ποταμόν
769 1115 858 1174 πᾶσα
870 1108 999 1196 ἀνάγκη
1014 1117 1141 1195 γίνεται

146 1201 200 1264 καλ
211 1199 295 1265 έναι
305 1199 619 1288 παραΚαλλατηβον
630 1203 740 1288 πόλιν,
752 1205 788 1271 έν
799 1232 838 1292 τη
824 1206 968 1294 ἀνδρες
979 1212 1139 1296 δημιουρ-

147 1297 198 1376 γοὶ
213 1297 284 1379 μέλι
299 1299 335 1360 ἐκ
349 1303 490 1415 μυρίκης
501 1322 536 1363 τε
551 1299 606 1365 καὶ
619 1305 731 1382 πυροῦ
746 1308 876 1368 ποιεῦσι
884 1301 1032 1389 ,ταύτην
1048 1300 1137 1372 ίάνδ

144 1388 316 1475 Ξέρξης
280 1415 342 1474 την
355 1385 490 1458 ὁδὸν
451 1418 529 1478 ενρε
543 1397 765 1467 πλατάνιστον
766 1400 853 1489 ,τήν
862 1404 1046 1481 κάλλεος”
1014 1428 1142 1471 εινειιεν

147 1502 380 1587 δωρησάμενος
393 1501 506 1590 κόσμῳ
516 1504 644 1590 χρυσέῳ
655 1504 711 1568 καὶ
720 1505 896 1590 μελεδωνῷ
909 1499 1068 1590 ἀδυνάτῳ
1080 1500 1140 1566 άν-

147 1602 199 1683 δρλ
213 1598 386 1679 ἐπιτρέψας
407 1600 544 1685 δευτέρη
560 1595 666 1685 ἡμέρη
688 1595 821 1665 ἀπίκετο
838 1600 871 1675 ές
885 1605 952 1666 τῶν
964 1569 1088 1666 Λυδόᾶν
1104 1591 1140 1664 τό

97 1695 169 1760 32''
147 1716 238 1763 αστυ.
274 1692 488 1779 Ἀπικόμενος
508 1694 545 1761 δὲ
561 1696 597 1772 ές
613 1695 741 1781 Σάρδις
759 1702 873 1813 66666
889 1697 950 1780 μέν
970 1693 1142 1779 ἀπέπεμπε

144 1808 290 1888 κήρυκας
304 1790 388 1870 ές
352 1819 414 1878 την
423 1780 562 1860 Ἑλλάδα
578 1793 771 1880 αἰτήσοντας
787 1800 852 1878 γῆν
861 1819 896 1860 τε
911 1797 966 1860 καὶ
978 1791 1071 1878 ὕδωρ
1087 1793 1141 1858 καὶ

145 1904 387 2020 προερέοντας
379 1904 496 1966 δεῖπνα
512 1901 641 1985 βασιλέι·
659 1901 928 1981 παρασκευάζειν.
959 1889 1047 1975 πλὴν
1064 1887 1139 1956 οὔτε

146 1995 195 2076 ές’
190 1997 336 2082 Αθήνας
344 1995 422 2063 ούτε
436 1998 469 2073 ἐς
483 2000 715 2081 Λακεδαίμονα
730 1993 931 2080 ἀπέπεμπε’
915 1996 966 2062 επι
977 2001 1037 2078 γῆς
1047 2003 1138 2075 αίτη

144 2116 214 2176 σιν,
235 2121 274 2182 τη
260 2093 325 2160 δέ
346 2091 429 2180 άλλη
449 2093 573 2181 πάντη,
596 2097 702 2160 τῶνδε
722 2096 807 2160 δδ“
775 2117 902 2160 εινειιεν
923 2088 959 2157 τό
981 2090 1138 2174 δεύτερον

144 2191 313 2277 ἀπέπεμπε
328 2193 381 2258 ἐπὶ
393 2197 458 2277 γῆν
470 2217 505 2276 τε
520 2192 574 2258 καί
588 2189 696 2273 ύδωρ·
719 2188 792 2256 όσοι
806 2189 970 2275 πρότερον
984 2184 1048 2254 ούκ
1063 2189 1134 2253 ἔδο-

144 2312 207 2357 σαν
220 2294 353 2378 Δαρείῳ
368 2292 548 2376 πέμψαντι,
569 2290 709 2367 τούτους
725 2290 835 2374 πάγχυ
857 2287 967 2355 ἐδόκεε
983 2286 1058 2354 τότε
1072 2290 1138 2353 δεί-

145 2409 265 2465 σαντας
285 2385 413 2454 δύσειν.
449 2386 652 2472 βουλόμενος
678 2380 726 2454 ἀν
754 2382 835 2452 αύτό
856 2390 952 2451 τοῦτο
980 2385 1139 2468 ἐκμαθεῖν

144 2481 304 2571 ἀκριβέως
321 2489 452 2569 ἔπεμπε.

97 2597 132 2650 83
229 2578 323 2648 Μετά
340 2582 377 2648 δὲ
391 2587 494 2647 ταῦτα
508 2578 766 2664 παρεσκευάζετο
775 2572 818 2654 69
830 2573 932 2641 ἑλέων
942 2574 976 2651 ές
983 2573 1136 2662 Ἀβνδον.

145 2685 178 2748 oc
187 2680 223 2746 δὲ
230 2681 266 2745 έν
276 2678 382 2767 τούτῳ
393 2675 453 2746 τὸν
459 2675 702 2765 Ελλήσποντον
709 2677 909 2762 ἐζεύγνυσαν
920 2679 1006 2742 έκ
967 2701 1024 2760 της
1031 2672 1138 2759 Ἀσίης

145 2771 226 2854 ές
191 2799 252 2861 την
264 2745 441 2858 Εύράπην.
465 2779 532 2841 ἔστι
544 2773 629 2841 δὲ
589 2798 646 2858 της
656 2772 872 2859 Χερσονήσου
883 2777 941 2856 τής
957 2769 1011 2838 έν
1008 2779 1137 2876 Ελλησ-

144 2871 271 2991 πόντῳ,
292 2877 431 2953 Σηστοῦ
446 2895 481 2936 τε
505 2870 622 2947 πόλιος
642 2867 763 2954 μεταξύ
784 2871 839 2937 καί
853 2866 1076 2956 Μαδύτον,’
1057 2854 1137 2952 αατή

145 2970 260 3083 τρηχέα
276 2968 308 3044 ές
324 2965 499 3035 θάλασσαν
510 2967 698 3053 κατήκουσα
709 2963 837 3055 Ἀβύδῳ
851 2971 1038 3046 καταντίον,
1054 2969 1136 3032 ἔνθα

145 3061 224 3150 μετὰ
241 3067 360 3147 ταῦτα,
383 3064 491 3153 χρόνῳ
505 3062 648 3151 ύστερον
667 3061 709 3131 ού
723 3070 852 3152 πολλῷ,
873 3065 925 3130 ἐπὶ
938 3066 1139 3139 Ξανθίππου

144 3167 203 3227 τοῦ
213 3156 407 3245 Ἀρίφρονος
416 3167 598 3247 στρατηγοῦ
610 3157 807 3246 Ἀθηναίων,
819 3156 1022 3245 Ἀρταΰκτην
1032 3156 1138 3243 ἀνδρα

144 3258 278 3342 Πέρσην
292 3257 450 3344 λαβόντες
464 3266 597 3344 Σηστοῦ
616 3256 766 3347 ὕπαρχον
785 3255 908 3338 ζάοντα
923 3251 1007 3342 πρὸς
1021 3258 1140 3323 σανίδα

144 3354 446 3441 διεπασσάλευσαν,
462 3353 498 3434 ὂς
508 3359 563 3424 καὶ
574 3359 606 3435 ές
616 3365 677 3424 τοῦ
691 3360 906 3442 Πρωτεσίλεω
920 3348 956 3422 τό
972 3348 1048 3440 ίρὸν
1058 3350 1096 3423 τὰ
1109 3353 1141 3430 ές
