<?xml version="1.0" encoding="UTF-8"?>
<!DOCTYPE html PUBLIC "-//W3C//DTD XHTML 1.0 Transitional//EN"
    "http://www.w3.org/TR/xhtml1/DTD/xhtml1-transitional.dtd">
<html xmlns="http://www.w3.org/1999/xhtml" xml:lang="en" lang="en">
 <head>
  <title>
</title>
<meta http-equiv="Content-Type" content="text/html;charset=utf-8" />
  <meta name='ocr-system' content='tesseract 3.04.00' />
  <meta name='ocr-capabilities' content='ocr_page ocr_carea ocr_par ocr_line ocrx_word'/>
</head>
<body>
  <div class='ocr_page' id='page_1' title='image "./herodotihistori01herogoog_0229.png"; bbox 0 0 2378 3840; ppageno 0'>
   <div class='ocr_carea' id='block_1_1' title="bbox 85 180 869 289">
    <p class='ocr_par' dir='ltr' id='par_1_1' title="bbox 85 180 869 289">
     <span class='ocr_line' id='line_1_1' title="bbox 85 180 869 289; baseline -0.005 -37"><span class='ocrx_word' id='word_1_1' title='bbox 85 189 148 252; x_wconf 77' lang='lat'><em>210</em></span> <span class='ocrx_word' id='word_1_2' title='bbox 463 191 714 250; x_wconf 78' lang='lat' dir='ltr'>HERODOTI</span> <span class='ocrx_word' id='word_1_3' title='bbox 828 180 869 289; x_wconf 31' lang='grc' dir='ltr'><em>ι’</em></span> 
     </span>
    </p>
   </div>
   <div class='ocr_carea' id='block_1_2' title="bbox 9 348 1169 3482">
    <p class='ocr_par' dir='ltr' id='par_1_2' title="bbox 9 348 1169 3482">
     <span class='ocr_line' id='line_1_2' title="bbox 85 348 1093 439; baseline 0.002 -22"><span class='ocrx_word' id='word_1_4' title='bbox 85 356 180 418; x_wconf 75' lang='grc' dir='ltr'><em>αὐτοὶ</em></span> <span class='ocrx_word' id='word_1_5' title='bbox 194 351 258 438; x_wconf 90' lang='grc' dir='ltr'><em>γάρ</em></span> <span class='ocrx_word' id='word_1_6' title='bbox 273 369 377 436; x_wconf 88' lang='grc' dir='ltr'><em>σφεας</em></span> <span class='ocrx_word' id='word_1_7' title='bbox 392 357 426 420; x_wconf 75' lang='lat' dir='ltr'><em>oc</em></span> <span class='ocrx_word' id='word_1_8' title='bbox 440 356 595 437; x_wconf 81' lang='grc' dir='ltr'><em>Ἕλληνες</em></span> <span class='ocrx_word' id='word_1_9' title='bbox 609 352 862 439; x_wconf 75' lang='grc' dir='ltr'><strong><em>ἐπεκαλέσαντο,</em></strong></span> <span class='ocrx_word' id='word_1_10' title='bbox 876 358 1030 439; x_wconf 86' lang='grc' dir='ltr'><em>λέγοντες</em></span> <span class='ocrx_word' id='word_1_11' title='bbox 1045 348 1093 420; x_wconf 82' lang='grc' dir='ltr'><em>δι’</em></span> 
     </span>
     <span class='ocr_line' id='line_1_3' title="bbox 86 448 1094 540; baseline 0 -20"><span class='ocrx_word' id='word_1_12' title='bbox 86 450 237 538; x_wconf 88' lang='grc' dir='ltr'><em>άγγέλων</em></span> <span class='ocrx_word' id='word_1_13' title='bbox 270 450 314 530; x_wconf 78' lang='grc' dir='ltr'><em>ὦς</em></span> <span class='ocrx_word' id='word_1_14' title='bbox 346 448 438 520; x_wconf 77' lang='grc' dir='ltr'><em>αὐτοὶ</em></span> <span class='ocrx_word' id='word_1_15' title='bbox 462 451 524 537; x_wconf 71' lang='grc' dir='ltr'><em>μέν</em></span> <span class='ocrx_word' id='word_1_16' title='bbox 541 448 657 538; x_wconf 80' lang='grc' dir='ltr'><em>ἥκοιεν</em></span> <span class='ocrx_word' id='word_1_17' title='bbox 677 453 862 540; x_wconf 76' lang='grc' dir='ltr'><em>πρόδρομοι</em></span> <span class='ocrx_word' id='word_1_18' title='bbox 883 460 951 521; x_wconf 79' lang='grc' dir='ltr'><em>τόν</em></span> <span class='ocrx_word' id='word_1_19' title='bbox 966 451 1094 540; x_wconf 72' lang='grc' dir='ltr'><em>ἄλλων,</em></span> 
     </span>
     <span class='ocr_line' id='line_1_4' title="bbox 87 549 1095 638; baseline 0.001 -19"><span class='ocrx_word' id='word_1_20' title='bbox 87 557 121 620; x_wconf 88' lang='grc' dir='ltr'><em>οί</em></span> <span class='ocrx_word' id='word_1_21' title='bbox 136 556 172 620; x_wconf 75' lang='grc' dir='ltr'><em>δὲ</em></span> <span class='ocrx_word' id='word_1_22' title='bbox 183 555 292 620; x_wconf 81' lang='grc' dir='ltr'><em>λοιποί</em></span> <span class='ocrx_word' id='word_1_23' title='bbox 303 558 371 618; x_wconf 77' lang='grc' dir='ltr'><em>τῶν</em></span> <span class='ocrx_word' id='word_1_24' title='bbox 382 550 566 637; x_wconf 87' lang='grc' dir='ltr'><em>συμμάχων</em></span> <span class='ocrx_word' id='word_1_25' title='bbox 577 550 797 638; x_wconf 72' lang='grc' dir='ltr'><strong><em>προσδόκιμοι</em></strong></span> <span class='ocrx_word' id='word_1_26' title='bbox 807 559 920 619; x_wconf 84' lang='grc' dir='ltr'><em>πάσαν</em></span> <span class='ocrx_word' id='word_1_27' title='bbox 932 550 999 620; x_wconf 79' lang='grc' dir='ltr'><em>εἶεν</em></span> <span class='ocrx_word' id='word_1_28' title='bbox 1010 549 1095 638; x_wconf 83' lang='grc' dir='ltr'><em>ἡμέ-</em></span> 
     </span>
     <span class='ocr_line' id='line_1_5' title="bbox 9 645 1095 736; baseline 0.004 -24"><span class='ocrx_word' id='word_1_29' title='bbox 9 704 13 712; x_wconf 88' lang='grc'><strong>.</strong></span> <span class='ocrx_word' id='word_1_30' title='bbox 87 675 167 736; x_wconf 91' lang='grc' dir='ltr'><em>ρην,</em></span> <span class='ocrx_word' id='word_1_31' title='bbox 185 646 206 734; x_wconf 82' lang='grc' dir='ltr'><em>ἡ</em></span> <span class='ocrx_word' id='word_1_32' title='bbox 220 648 376 716; x_wconf 78' lang='grc' dir='ltr'><em>θάλασσά</em></span> <span class='ocrx_word' id='word_1_33' title='bbox 391 649 430 715; x_wconf 82' lang='grc' dir='ltr'><em>τέ</em></span> <span class='ocrx_word' id='word_1_34' title='bbox 443 668 503 734; x_wconf 87' lang='grc' dir='ltr'><em>σφι</em></span> <span class='ocrx_word' id='word_1_35' title='bbox 522 657 573 734; x_wconf 86' lang='grc' dir='ltr'><em>είη</em></span> <span class='ocrx_word' id='word_1_36' title='bbox 584 649 621 715; x_wconf 89' lang='grc' dir='ltr'><em>έν</em></span> <span class='ocrx_word' id='word_1_37' title='bbox 632 656 767 736; x_wconf 74' lang='grc' dir='ltr'><em>φυλακῇ</em></span> <span class='ocrx_word' id='word_1_38' title='bbox 781 645 842 716; x_wconf 81' lang='grc' dir='ltr'><em>ὑπ’</em></span> <span class='ocrx_word' id='word_1_39' title='bbox 855 646 1048 736; x_wconf 83' lang='grc' dir='ltr'><em>Ἀθηναίων</em></span> <span class='ocrx_word' id='word_1_40' title='bbox 1059 674 1095 717; x_wconf 86' lang='grc' dir='ltr'><em>τε</em></span> 
     </span>
     <span class='ocr_line' id='line_1_6' title="bbox 87 743 1096 835; baseline -0.002 -21"><span class='ocrx_word' id='word_1_41' title='bbox 87 751 321 835; x_wconf 81' lang='grc' dir='ltr'><strong><em>φρουρεομένη</em></strong></span> <span class='ocrx_word' id='word_1_42' title='bbox 343 748 397 814; x_wconf 85' lang='grc' dir='ltr'><em>καλ</em></span> <span class='ocrx_word' id='word_1_43' title='bbox 412 747 620 832; x_wconf 84' lang='grc' dir='ltr'><em>Αίγινητέων</em></span> <span class='ocrx_word' id='word_1_44' title='bbox 639 748 695 813; x_wconf 81' lang='grc' dir='ltr'><em>καί</em></span> <span class='ocrx_word' id='word_1_45' title='bbox 715 752 783 812; x_wconf 79' lang='grc' dir='ltr'><em>τῶν</em></span> <span class='ocrx_word' id='word_1_46' title='bbox 804 749 837 825; x_wconf 82' lang='grc' dir='ltr'><em>ές</em></span> <span class='ocrx_word' id='word_1_47' title='bbox 856 746 917 814; x_wconf 81' lang='grc' dir='ltr'><em>τὸν</em></span> <span class='ocrx_word' id='word_1_48' title='bbox 930 743 1096 815; x_wconf 83' lang='grc' dir='ltr'><em>ναυτικόν</em></span> 
     </span>
     <span class='ocr_line' id='line_1_7' title="bbox 87 840 1095 932; baseline -0.002 -19"><span class='ocrx_word' id='word_1_49' title='bbox 87 844 228 932; x_wconf 85' lang='grc' dir='ltr'><em>στρατὸν</em></span> <span class='ocrx_word' id='word_1_50' title='bbox 243 848 450 932; x_wconf 75' lang='grc' dir='ltr'><em>ταχθέντων,</em></span> <span class='ocrx_word' id='word_1_51' title='bbox 475 848 534 911; x_wconf 85' lang='grc' dir='ltr'><em>καί</em></span> <span class='ocrx_word' id='word_1_52' title='bbox 545 862 607 928; x_wconf 85' lang='grc' dir='ltr'><em>σφι</em></span> <span class='ocrx_word' id='word_1_53' title='bbox 623 853 672 930; x_wconf 84' lang='grc' dir='ltr'><em>είη</em></span> <span class='ocrx_word' id='word_1_54' title='bbox 694 840 809 911; x_wconf 85' lang='grc' dir='ltr'><em>δεινόν</em></span> <span class='ocrx_word' id='word_1_55' title='bbox 824 840 940 912; x_wconf 81' lang='grc' dir='ltr'><em>οὐδέν·</em></span> <span class='ocrx_word' id='word_1_56' title='bbox 969 842 1012 913; x_wconf 88' lang='grc' dir='ltr'><em>ού</em></span> <span class='ocrx_word' id='word_1_57' title='bbox 1027 841 1095 930; x_wconf 80' lang='grc' dir='ltr'><em>γάρ</em></span> 
     </span>
     <span class='ocr_line' id='line_1_8' title="bbox 39 937 1094 1029; baseline -0.004 -17"><span class='ocrx_word' id='word_1_58' title='bbox 39 966 42 972; x_wconf 86' lang='grc'><strong>’</strong></span> <span class='ocrx_word' id='word_1_59' title='bbox 85 941 171 1012; x_wconf 78' lang='grc' dir='ltr'><em>θεὸν</em></span> <span class='ocrx_word' id='word_1_60' title='bbox 187 941 269 1010; x_wconf 81' lang='grc' dir='ltr'><em>εἶναι</em></span> <span class='ocrx_word' id='word_1_61' title='bbox 284 940 344 1010; x_wconf 84' lang='grc' dir='ltr'><em>τόν</em></span> <span class='ocrx_word' id='word_1_62' title='bbox 356 941 492 1010; x_wconf 78' lang='grc' dir='ltr'><em>ἐπιόντα</em></span> <span class='ocrx_word' id='word_1_63' title='bbox 504 943 555 1008; x_wconf 85' lang='grc' dir='ltr'><em>έπλ</em></span> <span class='ocrx_word' id='word_1_64' title='bbox 565 937 786 1028; x_wconf 79' lang='grc' dir='ltr'><em>τὴνἙλλάδα,</em></span> <span class='ocrx_word' id='word_1_65' title='bbox 800 940 874 1011; x_wconf 78' lang='grc' dir='ltr'><em>ἀλλ’</em></span> <span class='ocrx_word' id='word_1_66' title='bbox 888 943 1094 1029; x_wconf 74' lang='grc' dir='ltr'><em>ἄνθρωπον·</em></span> 
     </span>
     <span class='ocr_line' id='line_1_9' title="bbox 87 1034 1095 1127; baseline 0.002 -22"><span class='ocrx_word' id='word_1_67' title='bbox 87 1036 172 1106; x_wconf 78' lang='grc' dir='ltr'><em>εἶναι</em></span> <span class='ocrx_word' id='word_1_68' title='bbox 188 1039 223 1106; x_wconf 67' lang='grc' dir='ltr'><em>δέ</em></span> <span class='ocrx_word' id='word_1_69' title='bbox 239 1037 370 1126; x_wconf 81' lang='grc' dir='ltr'><em>θνητόν</em></span> <span class='ocrx_word' id='word_1_70' title='bbox 384 1036 507 1106; x_wconf 80' lang='grc' dir='ltr'><em>οὐδένα</em></span> <span class='ocrx_word' id='word_1_71' title='bbox 522 1034 602 1104; x_wconf 75' lang='grc' dir='ltr'><em>οὐδὲ</em></span> <span class='ocrx_word' id='word_1_72' title='bbox 619 1043 772 1123; x_wconf 72' lang='grc' dir='ltr'><em>ἔσεσθαι,</em></span> <span class='ocrx_word' id='word_1_73' title='bbox 794 1043 840 1127; x_wconf 77' lang='grc' dir='ltr'><em>τῷ</em></span> <span class='ocrx_word' id='word_1_74' title='bbox 860 1035 967 1106; x_wconf 85' lang='grc' dir='ltr'><em>κακόν</em></span> <span class='ocrx_word' id='word_1_75' title='bbox 982 1034 1052 1119; x_wconf 80' lang='grc' dir='ltr'><em>έξ’</em></span> <span class='ocrx_word' id='word_1_76' title='bbox 1031 1065 1095 1126; x_wconf 77' lang='grc' dir='ltr'><em>αρ-</em></span> 
     </span>
     <span class='ocr_line' id='line_1_10' title="bbox 86 1104 1097 1227; baseline 0.002 -23.036"><span class='ocrx_word' id='word_1_77' title='bbox 86 1143 144 1224; x_wconf 85' lang='grc' dir='ltr'><em>χῆς</em></span> <span class='ocrx_word' id='word_1_78' title='bbox 86 1133 380 1227; x_wconf 83' lang='grc' dir='ltr'><em>χγινομένφ’</em></span> <span class='ocrx_word' id='word_1_79' title='bbox 341 1162 382 1203; x_wconf 95' lang='grc' dir='ltr'><em>ου</em></span> <span class='ocrx_word' id='word_1_80' title='bbox 402 1141 605 1222; x_wconf 80' lang='grc' dir='ltr'><em>συνεμίχθη,</em></span> <span class='ocrx_word' id='word_1_81' title='bbox 626 1149 711 1204; x_wconf 80' lang='grc' dir='ltr'><em>τοῖσι</em></span> <span class='ocrx_word' id='word_1_82' title='bbox 727 1137 763 1203; x_wconf 99' lang='grc' dir='ltr'><em>δ</em></span> <span class='ocrx_word' id='word_1_83' title='bbox 783 1104 964 1222; x_wconf 80' lang='grc' dir='ltr'><em>μέγίστοισι</em></span> <span class='ocrx_word' id='word_1_84' title='bbox 980 1136 1097 1206; x_wconf 78' lang='grc' dir='ltr'><em>αὐτῶν</em></span> 
     </span>
     <span class='ocr_line' id='line_1_11' title="bbox 87 1226 1096 1356; baseline 0.002 -53"><span class='ocrx_word' id='word_1_85' title='bbox 87 1237 240 1322; x_wconf 87' lang='grc' dir='ltr'><em>μέγιστα·</em></span> <span class='ocrx_word' id='word_1_86' title='bbox 270 1226 469 1356; x_wconf 78' lang='grc' dir='ltr'><em>ὀφείλειν</em></span> <span class='ocrx_word' id='word_1_87' title='bbox 441 1260 491 1302; x_wconf 91' lang='grc' dir='ltr'><em>ων</em></span> <span class='ocrx_word' id='word_1_88' title='bbox 511 1236 565 1301; x_wconf 82' lang='grc' dir='ltr'><em>καλ</em></span> <span class='ocrx_word' id='word_1_89' title='bbox 587 1230 646 1302; x_wconf 84' lang='grc' dir='ltr'><em>τόν</em></span> <span class='ocrx_word' id='word_1_90' title='bbox 662 1231 951 1320; x_wconf 40' lang='grc' dir='ltr'><em>έπελαύνονταᾙ</em></span> <span class='ocrx_word' id='word_1_91' title='bbox 930 1262 974 1315; x_wconf 90' lang='grc' dir='ltr'><em>ως</em></span> <span class='ocrx_word' id='word_1_92' title='bbox 994 1236 1096 1305; x_wconf 88' lang='grc' dir='ltr'><em>έόντα</em></span> 
     </span>
     <span class='ocr_line' id='line_1_12' title="bbox 86 1329 1094 1455; baseline -0.001 -53"><span class='ocrx_word' id='word_1_93' title='bbox 86 1343 234 1455; x_wconf 76' lang='grc' dir='ltr'><em>δηητην,</em></span> <span class='ocrx_word' id='word_1_94' title='bbox 260 1330 324 1400; x_wconf 84' lang='grc' dir='ltr'><em>άπό</em></span> <span class='ocrx_word' id='word_1_95' title='bbox 348 1337 406 1419; x_wconf 80' lang='grc' dir='ltr'><em>τῆς</em></span> <span class='ocrx_word' id='word_1_96' title='bbox 424 1329 522 1453; x_wconf 84' lang='grc' dir='ltr'><em>δόξης</em></span> <span class='ocrx_word' id='word_1_97' title='bbox 547 1345 671 1400; x_wconf 80' lang='grc' dir='ltr'><em>πεσεῖν.</em></span> <span class='ocrx_word' id='word_1_98' title='bbox 711 1335 756 1400; x_wconf 71' lang='lat' dir='ltr'><em>OC</em></span> <span class='ocrx_word' id='word_1_99' title='bbox 777 1330 937 1399; x_wconf 72' lang='grc' dir='ltr'><em>δὲταῦτα</em></span> <span class='ocrx_word' id='word_1_100' title='bbox 954 1343 1094 1401; x_wconf 83' lang='grc' dir='ltr'><em>πυνθα-</em></span> 
     </span>
     <span class='ocr_line' id='line_1_13' title="bbox 20 1422 1096 1551; baseline -0.003 -48"><span class='ocrx_word' id='word_1_101' title='bbox 20 1451 69 1503; x_wconf 77' lang='lat'><em>204</em></span> <span class='ocrx_word' id='word_1_102' title='bbox 86 1433 220 1520; x_wconf 88' lang='grc' dir='ltr'><em>νόμενοι</em></span> <span class='ocrx_word' id='word_1_103' title='bbox 239 1431 388 1518; x_wconf 76' lang='grc' dir='ltr'><em>ἐβάθεον</em></span> <span class='ocrx_word' id='word_1_104' title='bbox 413 1430 498 1511; x_wconf 84' lang='grc' dir='ltr'><em>ές</em></span> <span class='ocrx_word' id='word_1_105' title='bbox 463 1458 525 1518; x_wconf 88' lang='grc' dir='ltr'><em>την</em></span> <span class='ocrx_word' id='word_1_106' title='bbox 548 1441 705 1551; x_wconf 77' lang='grc' dir='ltr'><em>Τρηχῖνα.</em></span> <span class='ocrx_word' id='word_1_107' title='bbox 743 1430 895 1498; x_wconf 88' lang='grc' dir='ltr'><em>Τούτοισι</em></span> <span class='ocrx_word' id='word_1_108' title='bbox 921 1422 1010 1516; x_wconf 79' lang='grc' dir='ltr'><em>ἦσαν</em></span> <span class='ocrx_word' id='word_1_109' title='bbox 1032 1431 1096 1518; x_wconf 79' lang='grc' dir='ltr'><em>μέν</em></span> 
     </span>
     <span class='ocr_line' id='line_1_14' title="bbox 86 1527 1094 1619; baseline -0.003 -17"><span class='ocrx_word' id='word_1_110' title='bbox 86 1562 152 1602; x_wconf 95' lang='grc' dir='ltr'><em>νυν</em></span> <span class='ocrx_word' id='word_1_111' title='bbox 169 1560 223 1600; x_wconf 90' lang='grc' dir='ltr'><em>και</em></span> <span class='ocrx_word' id='word_1_112' title='bbox 214 1531 328 1599; x_wconf 85' lang='grc' dir='ltr'><em>άλλοι</em></span> <span class='ocrx_word' id='word_1_113' title='bbox 342 1531 517 1619; x_wconf 82' lang='grc' dir='ltr'><em>στρατηγοί</em></span> <span class='ocrx_word' id='word_1_114' title='bbox 534 1528 618 1596; x_wconf 86' lang='grc' dir='ltr'><em>κατά</em></span> <span class='ocrx_word' id='word_1_115' title='bbox 632 1528 728 1607; x_wconf 81' lang='grc' dir='ltr'><em>πόλις</em></span> <span class='ocrx_word' id='word_1_116' title='bbox 747 1529 912 1616; x_wconf 80' lang='grc' dir='ltr'><em>ἑκάστων,</em></span> <span class='ocrx_word' id='word_1_117' title='bbox 930 1556 948 1597; x_wconf 96' lang='grc' dir='ltr'><em>ο</em></span> <span class='ocrx_word' id='word_1_118' title='bbox 938 1527 1006 1602; x_wconf 57' lang='grc' dir='ltr'><em>εδέ</em></span> <span class='ocrx_word' id='word_1_119' title='bbox 1019 1540 1094 1599; x_wconf 78' lang='grc' dir='ltr'><em>θω-</em></span> 
     </span>
     <span class='ocr_line' id='line_1_15' title="bbox 85 1628 1092 1718; baseline 0.005 -23"><span class='ocrx_word' id='word_1_120' title='bbox 85 1629 267 1714; x_wconf 77' lang='grc' dir='ltr'><em>μαξάμενος</em></span> <span class='ocrx_word' id='word_1_121' title='bbox 282 1628 423 1712; x_wconf 88' lang='grc' dir='ltr'><em>μάλιστα</em></span> <span class='ocrx_word' id='word_1_122' title='bbox 439 1630 493 1694; x_wconf 84' lang='grc' dir='ltr'><em>καὶ</em></span> <span class='ocrx_word' id='word_1_123' title='bbox 514 1629 639 1703; x_wconf 85' lang='grc' dir='ltr'><em>παντὸς</em></span> <span class='ocrx_word' id='word_1_124' title='bbox 654 1632 714 1693; x_wconf 85' lang='grc' dir='ltr'><em>τοῦ</em></span> <span class='ocrx_word' id='word_1_125' title='bbox 732 1631 975 1714; x_wconf 81' lang='grc' dir='ltr'><em>στρατεύματος</em></span> <span class='ocrx_word' id='word_1_126' title='bbox 989 1628 1092 1718; x_wconf 83' lang='grc' dir='ltr'><em>ἡγεό-</em></span> 
     </span>
     <span class='ocr_line' id='line_1_16' title="bbox 85 1716 1092 1813; baseline 0.008 -22"><span class='ocrx_word' id='word_1_127' title='bbox 85 1750 186 1811; x_wconf 89' lang='grc' dir='ltr'><em>μενος</em></span> <span class='ocrx_word' id='word_1_128' title='bbox 197 1716 499 1811; x_wconf 88' lang='grc' dir='ltr'><em>Λακεδαιμόνιος</em></span> <span class='ocrx_word' id='word_1_129' title='bbox 477 1750 520 1811; x_wconf 89' lang='grc' dir='ltr'><em>ην</em></span> <span class='ocrx_word' id='word_1_130' title='bbox 534 1721 736 1810; x_wconf 68' lang='grc' dir='ltr'><em>Λεωνίδης“</em></span> <span class='ocrx_word' id='word_1_131' title='bbox 722 1751 740 1790; x_wconf 91' lang='grc' dir='ltr'><strong><em>ο</em></strong></span> <span class='ocrx_word' id='word_1_132' title='bbox 752 1721 1014 1813; x_wconf 86' lang='grc' dir='ltr'><em>Ἀναξανδρίδεω</em></span> <span class='ocrx_word' id='word_1_133' title='bbox 1031 1737 1092 1799; x_wconf 84' lang='grc' dir='ltr'><em>τοῦ</em></span> 
     </span>
     <span class='ocr_line' id='line_1_17' title="bbox 85 1817 1169 1916; baseline 0.006 -26"><span class='ocrx_word' id='word_1_134' title='bbox 85 1824 228 1900; x_wconf 84' lang='grc' dir='ltr'><em>Λέοντος</em></span> <span class='ocrx_word' id='word_1_135' title='bbox 244 1846 305 1888; x_wconf 91' lang='grc' dir='ltr'><em>του</em></span> <span class='ocrx_word' id='word_1_136' title='bbox 290 1820 575 1909; x_wconf 74' lang='grc' dir='ltr'><em>Εὐρυκρατίδεω</em></span> <span class='ocrx_word' id='word_1_137' title='bbox 586 1845 647 1888; x_wconf 91' lang='grc' dir='ltr'><em>του</em></span> <span class='ocrx_word' id='word_1_138' title='bbox 633 1817 885 1911; x_wconf 77' lang='grc' dir='ltr'><em>Ἀναξάνδρου</em></span> <span class='ocrx_word' id='word_1_139' title='bbox 901 1851 962 1894; x_wconf 89' lang='grc' dir='ltr'><em>του</em></span> <span class='ocrx_word' id='word_1_140' title='bbox 948 1824 1096 1916; x_wconf 52' lang='grc' dir='ltr'><em>Εύρυι</em></span> <span class='ocrx_word' id='word_1_141' title='bbox 1166 1852 1169 1859; x_wconf 94' lang='grc'><strong><em>·</em></strong></span> 
     </span>
     <span class='ocr_line' id='line_1_18' title="bbox 85 1916 1093 2010; baseline 0.006 -21"><span class='ocrx_word' id='word_1_142' title='bbox 85 1921 224 2006; x_wconf 87' lang='grc' dir='ltr'><em>κράτεος</em></span> <span class='ocrx_word' id='word_1_143' title='bbox 238 1947 299 1987; x_wconf 90' lang='grc' dir='ltr'><em>του</em></span> <span class='ocrx_word' id='word_1_144' title='bbox 285 1921 524 2003; x_wconf 79' lang='grc' dir='ltr'><em>Πολυδώρου</em></span> <span class='ocrx_word' id='word_1_145' title='bbox 540 1945 602 1986; x_wconf 90' lang='grc' dir='ltr'><em>του</em></span> <span class='ocrx_word' id='word_1_146' title='bbox 587 1916 829 2005; x_wconf 83' lang='grc' dir='ltr'><em>Ἀλκαμένεος</em></span> <span class='ocrx_word' id='word_1_147' title='bbox 844 1947 904 1989; x_wconf 91' lang='grc' dir='ltr'><em>του</em></span> <span class='ocrx_word' id='word_1_148' title='bbox 893 1927 1093 2010; x_wconf 78' lang='grc' dir='ltr'><em>Τηλέκλου</em></span> 
     </span>
     <span class='ocr_line' id='line_1_19' title="bbox 85 2017 1094 2111; baseline 0.003 -25"><span class='ocrx_word' id='word_1_149' title='bbox 85 2044 146 2087; x_wconf 91' lang='grc' dir='ltr'><em>του</em></span> <span class='ocrx_word' id='word_1_150' title='bbox 131 2017 314 2105; x_wconf 80' lang='grc' dir='ltr'><em>Ἀρχέλεω</em></span> <span class='ocrx_word' id='word_1_151' title='bbox 328 2027 389 2086; x_wconf 81' lang='grc' dir='ltr'><em>τοῦ</em></span> <span class='ocrx_word' id='word_1_152' title='bbox 403 2017 583 2104; x_wconf 81' lang='grc' dir='ltr'><em>Ἡγησίλεω</em></span> <span class='ocrx_word' id='word_1_153' title='bbox 599 2043 661 2084; x_wconf 90' lang='grc' dir='ltr'><em>του</em></span> <span class='ocrx_word' id='word_1_154' title='bbox 646 2017 860 2105; x_wconf 84' lang='grc' dir='ltr'><em>Δορύσσου</em></span> <span class='ocrx_word' id='word_1_155' title='bbox 877 2045 939 2087; x_wconf 89' lang='grc' dir='ltr'><em>του</em></span> <span class='ocrx_word' id='word_1_156' title='bbox 924 2024 1094 2111; x_wconf 90' lang='grc' dir='ltr'><em>Λεωβό-</em></span> 
     </span>
     <span class='ocr_line' id='line_1_20' title="bbox 85 2113 1094 2204; baseline 0.007 -21"><span class='ocrx_word' id='word_1_157' title='bbox 85 2116 191 2204; x_wconf 85' lang='grc' dir='ltr'><em>βότεω</em></span> <span class='ocrx_word' id='word_1_158' title='bbox 205 2123 266 2182; x_wconf 85' lang='grc' dir='ltr'><em>τού</em></span> <span class='ocrx_word' id='word_1_159' title='bbox 280 2113 494 2201; x_wconf 84' lang='grc' dir='ltr'><em>Ἐχεστράτου</em></span> <span class='ocrx_word' id='word_1_160' title='bbox 508 2121 570 2182; x_wconf 84' lang='grc' dir='ltr'><em>τοῦ</em></span> <span class='ocrx_word' id='word_1_161' title='bbox 578 2113 695 2199; x_wconf 84' lang='grc' dir='ltr'><em>Ἤγιος</em></span> <span class='ocrx_word' id='word_1_162' title='bbox 708 2141 769 2183; x_wconf 87' lang='grc' dir='ltr'><em>τον</em></span> <span class='ocrx_word' id='word_1_163' title='bbox 755 2114 1018 2202; x_wconf 77' lang='grc' dir='ltr'><em>Εὐρυσθένεος</em></span> <span class='ocrx_word' id='word_1_164' title='bbox 1031 2129 1094 2190; x_wconf 84' lang='grc' dir='ltr'><em>τού</em></span> 
     </span>
     <span class='ocr_line' id='line_1_21' title="bbox 83 2211 1093 2301; baseline 0.009 -20.046"><span class='ocrx_word' id='word_1_165' title='bbox 83 2213 322 2301; x_wconf 76' lang='grc' dir='ltr'><em>Ἀριστοδήμου</em></span> <span class='ocrx_word' id='word_1_166' title='bbox 336 2240 398 2281; x_wconf 90' lang='grc' dir='ltr'><em>του</em></span> <span class='ocrx_word' id='word_1_167' title='bbox 384 2211 649 2301; x_wconf 77' lang='grc' dir='ltr'><em>Ἀριστομάχου</em></span> <span class='ocrx_word' id='word_1_168' title='bbox 663 2239 722 2281; x_wconf 89' lang='grc' dir='ltr'><em>του</em></span> <span class='ocrx_word' id='word_1_169' title='bbox 709 2219 925 2286; x_wconf 84' lang='grc' dir='ltr'><em>Κλεοδαίου</em></span> <span class='ocrx_word' id='word_1_170' title='bbox 938 2225 1000 2286; x_wconf 81' lang='grc' dir='ltr'><em>τοῦ</em></span> <span class='ocrx_word' id='word_1_171' title='bbox 1014 2217 1093 2290; x_wconf 70' lang='lat' dir='ltr'><em>&#39;&#39;m-</em></span> 
     </span>
     <span class='ocr_line' id='line_1_22' title="bbox 85 2309 1092 2408; baseline 0.008 -28"><span class='ocrx_word' id='word_1_172' title='bbox 85 2322 148 2381; x_wconf 90' lang='grc' dir='ltr'><em>λου</em></span> <span class='ocrx_word' id='word_1_173' title='bbox 158 2337 219 2378; x_wconf 92' lang='grc' dir='ltr'><em>του</em></span> <span class='ocrx_word' id='word_1_174' title='bbox 204 2312 415 2397; x_wconf 86' lang='grc' dir='ltr'><em>Ἡρακλέος,</em></span> <span class='ocrx_word' id='word_1_175' title='bbox 428 2312 633 2398; x_wconf 82' lang='grc' dir='ltr'><em>κτησάμεδος</em></span> <span class='ocrx_word' id='word_1_176' title='bbox 644 2309 705 2397; x_wconf 78' lang='grc' dir='ltr'><em>τὴν</em></span> <span class='ocrx_word' id='word_1_177' title='bbox 716 2320 893 2400; x_wconf 90' lang='grc' dir='ltr'><em>βασιληίην</em></span> <span class='ocrx_word' id='word_1_178' title='bbox 905 2317 1092 2408; x_wconf 84' lang='grc' dir='ltr'><em>ένΣπάρτη</em></span> 
     </span>
     <span class='ocr_line' id='line_1_23' title="bbox 16 2406 1093 2502; baseline 0.005 -23"><span class='ocrx_word' id='word_1_179' title='bbox 16 2425 69 2479; x_wconf 74' lang='lat'><em>205</em></span> <span class='ocrx_word' id='word_1_180' title='bbox 85 2411 117 2488; x_wconf 83' lang='grc' dir='ltr'><em>έξ</em></span> <span class='ocrx_word' id='word_1_181' title='bbox 134 2406 397 2496; x_wconf 88' lang='grc' dir='ltr'><em>άπροσδοκητου.</em></span> <span class='ocrx_word' id='word_1_182' title='bbox 435 2413 549 2490; x_wconf 79' lang='grc' dir='ltr'><em>Διξών</em></span> <span class='ocrx_word' id='word_1_183' title='bbox 568 2409 689 2497; x_wconf 89' lang='grc' dir='ltr'><em>γάροί</em></span> <span class='ocrx_word' id='word_1_184' title='bbox 675 2411 833 2479; x_wconf 87' lang='grc' dir='ltr'><em>ίέόντων</em></span> <span class='ocrx_word' id='word_1_185' title='bbox 852 2418 1093 2502; x_wconf 79' lang='grc' dir='ltr'><em>πρεσβυτέρων</em></span> 
     </span>
     <span class='ocr_line' id='line_1_24' title="bbox 87 2506 1093 2602; baseline 0.006 -27"><span class='ocrx_word' id='word_1_186' title='bbox 87 2506 261 2594; x_wconf 88' lang='grc' dir='ltr'><em>άδελφεων</em></span> <span class='ocrx_word' id='word_1_187' title='bbox 281 2508 487 2594; x_wconf 86' lang='grc' dir='ltr'><em>Κλεομένεός</em></span> <span class='ocrx_word' id='word_1_188' title='bbox 513 2534 547 2576; x_wconf 90' lang='grc' dir='ltr'><em>τε</em></span> <span class='ocrx_word' id='word_1_189' title='bbox 568 2509 624 2576; x_wconf 81' lang='grc' dir='ltr'><em>καί</em></span> <span class='ocrx_word' id='word_1_190' title='bbox 645 2511 806 2596; x_wconf 84' lang='grc' dir='ltr'><em>Δωριέος,</em></span> <span class='ocrx_word' id='word_1_191' title='bbox 821 2508 1007 2598; x_wconf 78' lang='grc' dir='ltr'><em>ἀπελήλατο</em></span> <span class='ocrx_word' id='word_1_192' title='bbox 1035 2541 1093 2602; x_wconf 87' lang='grc' dir='ltr'><em>της</em></span> 
     </span>
     <span class='ocr_line' id='line_1_25' title="bbox 86 2604 1093 2699; baseline 0.007 -25"><span class='ocrx_word' id='word_1_193' title='bbox 86 2611 265 2693; x_wconf 85' lang='grc' dir='ltr'><em>φροντίδος</em></span> <span class='ocrx_word' id='word_1_194' title='bbox 279 2610 354 2692; x_wconf 78' lang='grc' dir='ltr'><em>περὶ</em></span> <span class='ocrx_word' id='word_1_195' title='bbox 368 2615 425 2694; x_wconf 79' lang='grc' dir='ltr'><em>τῆς</em></span> <span class='ocrx_word' id='word_1_196' title='bbox 439 2612 620 2694; x_wconf 83' lang='grc' dir='ltr'><em>βασιληίης.</em></span> <span class='ocrx_word' id='word_1_197' title='bbox 645 2604 879 2689; x_wconf 79' lang='grc' dir='ltr'><em>ἀποθανόντος</em></span> <span class='ocrx_word' id='word_1_198' title='bbox 894 2610 929 2678; x_wconf 74' lang='grc' dir='ltr'><em>δὲ</em></span> <span class='ocrx_word' id='word_1_199' title='bbox 942 2616 1093 2699; x_wconf 87' lang='grc' dir='ltr'><em>Κλεομέ-</em></span> 
     </span>
     <span class='ocr_line' id='line_1_26' title="bbox 86 2703 1092 2799; baseline 0.008 -27"><span class='ocrx_word' id='word_1_200' title='bbox 86 2731 162 2783; x_wconf 85' lang='grc' dir='ltr'><em>νεος</em></span> <span class='ocrx_word' id='word_1_201' title='bbox 177 2703 317 2781; x_wconf 86' lang='grc' dir='ltr'><em>άπαιδος</em></span> <span class='ocrx_word' id='word_1_202' title='bbox 331 2711 465 2790; x_wconf 80' lang='grc' dir='ltr'><em>ἔρσενος</em></span> <span class='ocrx_word' id='word_1_203' title='bbox 479 2707 604 2792; x_wconf 90' lang='grc' dir='ltr'><em>γόνου,</em></span> <span class='ocrx_word' id='word_1_204' title='bbox 620 2709 771 2792; x_wconf 81' lang='grc' dir='ltr'><em>Δωριέος</em></span> <span class='ocrx_word' id='word_1_205' title='bbox 786 2733 821 2776; x_wconf 90' lang='grc' dir='ltr'><em>τε</em></span> <span class='ocrx_word' id='word_1_206' title='bbox 839 2705 950 2777; x_wconf 88' lang='grc' dir='ltr'><em>ούκέτι</em></span> <span class='ocrx_word' id='word_1_207' title='bbox 964 2709 1092 2799; x_wconf 84' lang='grc' dir='ltr'><em>έόντος,</em></span> 
     </span>
     <span class='ocr_line' id='line_1_27' title="bbox 87 2800 1094 2895; baseline 0.004 -23"><span class='ocrx_word' id='word_1_208' title='bbox 87 2800 171 2872; x_wconf 83' lang='grc' dir='ltr'><em>άλλά</em></span> <span class='ocrx_word' id='word_1_209' title='bbox 186 2802 443 2889; x_wconf 85' lang='grc' dir='ltr'><em>τελευτήσαντος</em></span> <span class='ocrx_word' id='word_1_210' title='bbox 457 2809 511 2872; x_wconf 80' lang='grc' dir='ltr'><em>καί</em></span> <span class='ocrx_word' id='word_1_211' title='bbox 531 2804 653 2871; x_wconf 91' lang='grc' dir='ltr'><em>τούτου</em></span> <span class='ocrx_word' id='word_1_212' title='bbox 668 2806 705 2871; x_wconf 87' lang='grc' dir='ltr'><em>έν</em></span> <span class='ocrx_word' id='word_1_213' title='bbox 721 2811 875 2893; x_wconf 81' lang='grc' dir='ltr'><em>Σικελίῃ,</em></span> <span class='ocrx_word' id='word_1_214' title='bbox 893 2805 983 2875; x_wconf 85' lang='grc' dir='ltr'><em>ούτω</em></span> <span class='ocrx_word' id='word_1_215' title='bbox 1001 2805 1043 2895; x_wconf 77' lang='grc' dir='ltr'><em>δὴ</em></span> <span class='ocrx_word' id='word_1_216' title='bbox 1060 2811 1094 2888; x_wconf 88' lang='grc' dir='ltr'><em>ές</em></span> 
     </span>
     <span class='ocr_line' id='line_1_28' title="bbox 87 2899 1094 2993; baseline 0.003 -22"><span class='ocrx_word' id='word_1_217' title='bbox 87 2908 260 2988; x_wconf 87' lang='grc' dir='ltr'><em>Λεωνίδην</em></span> <span class='ocrx_word' id='word_1_218' title='bbox 275 2899 430 2990; x_wconf 86' lang='grc' dir='ltr'><em>άνέβαινε</em></span> <span class='ocrx_word' id='word_1_219' title='bbox 444 2901 465 2991; x_wconf 80' lang='grc' dir='ltr'><em>ἡ</em></span> <span class='ocrx_word' id='word_1_220' title='bbox 481 2909 652 2991; x_wconf 84' lang='grc' dir='ltr'><em>βασιληίη,</em></span> <span class='ocrx_word' id='word_1_221' title='bbox 670 2905 728 2992; x_wconf 49' lang='grc' dir='ltr'><em>καὶἸ</em></span> <span class='ocrx_word' id='word_1_222' title='bbox 740 2904 825 2971; x_wconf 88' lang='grc' dir='ltr'><em>διότι</em></span> <span class='ocrx_word' id='word_1_223' title='bbox 839 2903 1003 2993; x_wconf 88' lang='grc' dir='ltr'><em>πρότερος</em></span> <span class='ocrx_word' id='word_1_224' title='bbox 1017 2908 1094 2992; x_wconf 78' lang='grc' dir='ltr'><em>ἐγε-</em></span> 
     </span>
     <span class='ocr_line' id='line_1_29' title="bbox 86 2994 1095 3090; baseline 0.001 -20"><span class='ocrx_word' id='word_1_225' title='bbox 86 3003 184 3089; x_wconf 86' lang='grc' dir='ltr'><em>γόνεε</em></span> <span class='ocrx_word' id='word_1_226' title='bbox 195 3001 432 3090; x_wconf 88' lang='grc' dir='ltr'><em>Κλεομβρότου</em></span> <span class='ocrx_word' id='word_1_227' title='bbox 453 2995 561 3080; x_wconf 84' lang='grc' dir='ltr'><em>ὀὗτος</em></span> <span class='ocrx_word' id='word_1_228' title='bbox 572 2999 637 3089; x_wconf 85' lang='grc' dir='ltr'><em>γάρ</em></span> <span class='ocrx_word' id='word_1_229' title='bbox 648 2994 692 3088; x_wconf 78' lang='grc' dir='ltr'><em>ἦν</em></span> <span class='ocrx_word' id='word_1_230' title='bbox 704 3002 865 3081; x_wconf 79' lang='grc' dir='ltr'><em>νεότατος</em></span> <span class='ocrx_word' id='word_1_231' title='bbox 876 2999 1095 3090; x_wconf 80' lang='grc' dir='ltr'><em>Ἀναξανδρί·</em></span> 
     </span>
     <span class='ocr_line' id='line_1_30' title="bbox 87 3097 1096 3187; baseline 0.003 -21"><span class='ocrx_word' id='word_1_232' title='bbox 87 3105 151 3167; x_wconf 88' lang='grc' dir='ltr'><em>δεω</em></span> <span class='ocrx_word' id='word_1_233' title='bbox 164 3114 264 3185; x_wconf 76' lang='grc' dir='ltr'><em>ταῖς,</em></span> <span class='ocrx_word' id='word_1_234' title='bbox 280 3101 333 3166; x_wconf 83' lang='grc' dir='ltr'><em>καὶ</em></span> <span class='ocrx_word' id='word_1_235' title='bbox 346 3098 386 3186; x_wconf 80' lang='grc' dir='ltr'><em>δὴ</em></span> <span class='ocrx_word' id='word_1_236' title='bbox 399 3104 452 3167; x_wconf 81' lang='grc' dir='ltr'><em>καί</em></span> <span class='ocrx_word' id='word_1_237' title='bbox 465 3097 528 3184; x_wconf 79' lang='grc' dir='ltr'><em>εἶχε</em></span> <span class='ocrx_word' id='word_1_238' title='bbox 539 3101 744 3185; x_wconf 81' lang='grc' dir='ltr'><em>Κλεομένεος</em></span> <span class='ocrx_word' id='word_1_239' title='bbox 753 3103 933 3187; x_wconf 78' lang='grc' dir='ltr'><em>θυγατέρα.</em></span> <span class='ocrx_word' id='word_1_240' title='bbox 949 3097 1007 3180; x_wconf 78' lang='grc' dir='ltr'><em>Ὃς</em></span> <span class='ocrx_word' id='word_1_241' title='bbox 1018 3100 1096 3169; x_wconf 85' lang='grc' dir='ltr'><em>τότε</em></span> 
     </span>
     <span class='ocr_line' id='line_1_31' title="bbox 85 3195 1094 3285; baseline 0.004 -22"><span class='ocrx_word' id='word_1_242' title='bbox 85 3195 138 3283; x_wconf 82' lang='grc' dir='ltr'><em>ἤιε</em></span> <span class='ocrx_word' id='word_1_243' title='bbox 148 3198 181 3274; x_wconf 88' lang='grc' dir='ltr'><em>ές</em></span> <span class='ocrx_word' id='word_1_244' title='bbox 189 3197 409 3282; x_wconf 78' lang='grc' dir='ltr'><em>Θερμοπύλας</em></span> <span class='ocrx_word' id='word_1_245' title='bbox 421 3198 652 3283; x_wconf 80' lang='grc' dir='ltr'><em>ἐπιλεξάμενος</em></span> <span class='ocrx_word' id='word_1_246' title='bbox 663 3197 834 3285; x_wconf 80' lang='grc' dir='ltr'><em>άνδραςτε</em></span> <span class='ocrx_word' id='word_1_247' title='bbox 845 3195 924 3277; x_wconf 84' lang='grc' dir='ltr'><em>τούς</em></span> <span class='ocrx_word' id='word_1_248' title='bbox 935 3217 1094 3267; x_wconf 78' lang='grc' dir='ltr'><em>κατεστε·</em></span> 
     </span>
     <span class='ocr_line' id='line_1_32' title="bbox 87 3294 1093 3382; baseline 0.005 -25"><span class='ocrx_word' id='word_1_249' title='bbox 87 3298 171 3369; x_wconf 79' lang='grc' dir='ltr'><em>ῶτας</em></span> <span class='ocrx_word' id='word_1_250' title='bbox 191 3300 402 3378; x_wconf 90' lang='grc' dir='ltr'><em>τριηκοσίους</em></span> <span class='ocrx_word' id='word_1_251' title='bbox 437 3294 492 3362; x_wconf 78' lang='grc' dir='ltr'><em>καί</em></span> <span class='ocrx_word' id='word_1_252' title='bbox 521 3308 604 3363; x_wconf 76' lang='grc' dir='ltr'><em>τοῖσι</em></span> <span class='ocrx_word' id='word_1_253' title='bbox 631 3296 812 3382; x_wconf 83' lang='grc' dir='ltr'><em>ἐτύγχανον</em></span> <span class='ocrx_word' id='word_1_254' title='bbox 832 3299 948 3374; x_wconf 73' lang='grc' dir='ltr'><em>παῖδες</em></span> <span class='ocrx_word' id='word_1_255' title='bbox 968 3295 1093 3375; x_wconf 81' lang='grc' dir='ltr'><em>ἐόντες.</em></span> 
     </span>
     <span class='ocr_line' id='line_1_33' title="bbox 75 3389 1094 3482; baseline 0.01 -29"><span class='ocrx_word' id='word_1_256' title='bbox 75 3389 290 3479; x_wconf 72' lang='grc' dir='ltr'><em>παραλαβὼν</em></span> <span class='ocrx_word' id='word_1_257' title='bbox 303 3394 340 3460; x_wconf 73' lang='grc' dir='ltr'><em>δέ</em></span> <span class='ocrx_word' id='word_1_258' title='bbox 351 3390 486 3462; x_wconf 87' lang='grc' dir='ltr'><em>άπίκετο</em></span> <span class='ocrx_word' id='word_1_259' title='bbox 501 3395 555 3462; x_wconf 81' lang='grc' dir='ltr'><em>καί</em></span> <span class='ocrx_word' id='word_1_260' title='bbox 566 3401 723 3482; x_wconf 81' lang='grc' dir='ltr'><em>Θηβαίων</em></span> <span class='ocrx_word' id='word_1_261' title='bbox 734 3392 813 3474; x_wconf 81' lang='grc' dir='ltr'><em>τούς</em></span> <span class='ocrx_word' id='word_1_262' title='bbox 825 3397 858 3474; x_wconf 81' lang='grc' dir='ltr'><em>ἐς</em></span> <span class='ocrx_word' id='word_1_263' title='bbox 868 3391 928 3461; x_wconf 85' lang='grc' dir='ltr'><em>τὸν</em></span> <span class='ocrx_word' id='word_1_264' title='bbox 939 3389 1094 3481; x_wconf 77' lang='grc' dir='ltr'><em>ἀριθμόν</em></span> 
     </span>
    </p>
   </div>
   <div class='ocr_carea' id='block_1_3' title="bbox 0 0 1196 3840">
    <p class='ocr_par' dir='ltr' id='par_1_3' title="bbox 0 0 1196 3840">
     <span class='ocr_line' id='line_1_34' title="bbox 0 0 1196 3840; baseline 0 0"><span class='ocrx_word' id='word_1_265' title='bbox 0 0 1196 3840; x_wconf 95' lang='lat' dir='ltr'><em> </em></span> 
     </span>
    </p>
   </div>
  </div>
 </body>
</html>
