2378 3840
133 181 197 245 284
512 183 762 276 HERODOTI

41 368 44 376 ’
134 371 174 413 τα
188 365 266 431 σφι,
289 342 331 431 ἣν
346 342 386 429 δη
403 341 595 430 βούλωνταί
605 365 643 426 γε
658 343 730 425 έμοδ
746 336 956 430 ὁμολογέειν,
980 341 1143 430 άνύρθω-

134 462 206 528 σον,
215 441 277 510 ὅσα
288 439 351 528 έγοὺ
363 443 537 524 ἐνέπρησα.
555 438 693 504 Τούτων
703 436 940 527 δδάπιγμένων
950 439 1144 527 ἀναγκαίως

80 522 88 549 ³
134 547 199 627 ἔχει
213 567 270 626 μοι
285 544 411 607 ποιέειν
428 544 549 623 ταῦτα,
565 533 608 623 ἣν
622 535 666 624 μὴ
682 535 719 604 τὸ
732 534 894 624 ὑμέτερον
909 538 1025 608 ἀντίον
1040 544 1143 628 γένη-

133 664 195 705 ται.
217 638 303 722 λέγω
315 640 351 704 δὲ
362 633 443 722 ὑμῖν
457 633 535 703 τάδε
552 642 634 702 νῦν·
655 641 689 702 τί
701 642 865 720 μαίνεσθε
878 637 1027 726 πόλεμον
1042 648 1143 726 βασι-

133 732 464 819 λέίάνταειρύμενοις
480 731 632 820 οὔτεγὰρ
648 730 691 800 άν
706 731 968 822 ὑπερβάλοισθε,
985 735 1065 804 οὔτε
1078 734 1145 808 οἷοί

133 836 171 901 τέ
181 835 253 900 έστε
268 829 417 918 ἀντέχειν
433 830 494 899 τὸν
513 831 623 899 πάντα
639 832 771 918 χρόνον.
800 837 902 900 είδετε
917 834 979 921 μὲν
996 833 1063 922 γάρ
1086 842 1144 920 τῆς

133 930 262 1017 Ξέρξεω
277 936 515 1016 στρατηλασίης
538 926 574 997 τό
591 937 722 1016 πλῆθος
746 929 860 998 καὶτὰ
882 937 980 1018 ἔργα,
1001 932 1140 1000 πυνθά-

133 1038 237 1097 νεσθε
252 1030 288 1095 δὲ
304 1031 358 1096 καὶ
377 1026 439 1114 την
453 1029 519 1095 νῦν
540 1023 620 1114 παρ’
641 1029 713 1112 έμοδ
733 1029 855 1095 έοῦσαν
871 1028 1033 1115 δύναμιν,
1058 1028 1143 1096 ὥστε

133 1132 188 1194 καὶ
201 1123 245 1212 ἢν
265 1122 367 1213 ἡμέας
384 1123 623 1210 ὑπερβάλησθε
638 1129 693 1192 καί
711 1124 884 1212 νικήσητε,
911 1130 1037 1210 τοῦπερ
1060 1125 1143 1212 ὑμῖν

133 1223 272 1309 οὐδεμία
292 1225 382 1301 ἐλπὶς
407 1231 500 1308 είπερ
531 1215 569 1288 εὑ
585 1224 759 1309 φρονέεέε,
782 1222 865 1310 άλλη
880 1230 1040 1311 παρέσται
1057 1234 1140 1294 πολ-

132 1327 306 1408 λαπλησίη.
336 1318 381 1407 μὴ
404 1314 453 1388 άν
472 1319 640 1408 βούλεσθε
657 1321 897 1407 παρισεύμενοι
914 1324 1046 1409 βασιλέι·
1068 1326 1145 1389 στέ-

133 1429 254 1506 ρεσθαι
268 1418 330 1504 μέν
343 1425 401 1503 τῆς
414 1418 540 1505 χώρης,
556 1420 651 1485 θέειν
667 1418 703 1486 δέ
718 1422 781 1485 alez
796 1421 871 1504 περὶ
885 1416 998 1506 ὑμέων
1014 1415 1140 1506 αὐτῶν,

132 1513 217 1583 ἀλλὰ
228 1515 472 1583 καταλύσασθε.
491 1517 623 1603 παρέχει
640 1514 676 1583 δδ
688 1511 768 1601 ὑμῖν
780 1516 938 1584 κάλλιστα
950 1517 1140 1585 καταλύσα-

133 1624 215 1682 σθαι
229 1615 383 1699 βασιλέος
397 1610 501 1700 ταύτη
501 1611 727 1699 ὡρμημένον.
758 1618 830 1680 έστε
844 1613 1036 1702 ἐλεύθεροι,
1060 1613 1141 1703 ημῖν

78 1719 115 1804 β
112 1748 119 1807 J
134 1709 312 1799 ὁμαιχμίην
324 1709 566 1798 σννθέμενοι”
543 1737 627 1779 ανεν
641 1736 676 1779 τε
688 1712 792 1780 δόλον
807 1710 896 1780 καῖ’
878 1712 1013 1800 απάτης.
1035 1722 1141 1801 Μαρ-

133 1810 246 1889 δόνιος
266 1812 328 1896 μὲν
343 1817 466 1896 ταῦτα,
492 1801 519 1877 ύ
538 1806 728 1895 Ἀθηναῖοι,
751 1810 934 1878 ἐνετείλατό
954 1837 1011 1897 μοι
1033 1817 1141 1880 εἰπεῖν

65 1979 68 1984 ,
133 1905 216 1996 πρὸς
227 1903 372 1994 ὑμέας.
356 1934 419 1994 εγω
409 1907 470 1975 δὲ
480 1910 555 1995 περὶ
565 1909 628 1994 μὲν
640 1903 823 1992 εὐνοίης
783 1933 841 1993 της
850 1905 934 1991 πρὸς
945 1904 1051 1994 ὑμέας
1063 1908 1141 1977 έού-

133 2023 192 2089 σης
208 2005 241 2082 έξ
264 2005 344 2088 έμεῦ
361 2001 462 2071 οὐδέν
477 2008 590 2084 λέξω
596 2002 638 2070 ού
656 2001 722 2091 γάρ
739 1999 782 2071 άν
800 2013 865 2072 νῦν
885 2029 1019 2093 πρωτον
1034 2006 1141 2092 έκμά-

131 2112 252 2187 θοιτε,
265 2108 473 2189 προσχρηίζω
485 2105 520 2170 δὲ
532 2101 645 2188 ὑμέων
656 2111 837 2172 πείθεσθαι
847 2109 1044 2196 Μαρδονίῳ.
1064 2108 1140 2172 ένο-

132 2207 197 2292 ρέω
207 2200 272 2289 γάρ
287 2198 369 2288 ὑμῖν
380 2201 443 2271 ούκ
455 2205 557 2271 οἵοισί
569 2229 604 2270 τε
615 2206 801 2289 ἐσομένοισι
814 2202 876 2272 τὸν
889 2204 999 2273 πάντα
1012 2206 1141 2290 χρόνον

131 2307 305 2390 πολεμέειν
318 2307 431 2391 Ξέρξη.
456 2308 487 2370 εί
498 2295 721 2388 γάρ’ένοίρεον
732 2311 832 2371 τοῦτο
846 2306 883 2370 ἐν
898 2302 995 2391 ὑμῖν,
1016 2301 1082 2371 οὐκ
1097 2303 1140 2371 άν

131 2427 208 2469 κοτε
219 2403 252 2478 ές
263 2397 366 2485 ὑμέας
379 2392 492 2486 ἦλθον
503 2405 587 2486 έχων
598 2400 721 2487 λύγους
731 2399 867 2468 τούσδε·
887 2399 1018 2488 καὶγὰρ
1030 2402 1141 2469 δύνα-

131 2526 186 2585 μις
200 2496 285 2585 ὑπὲρ
298 2496 484 2586 ἄνθρωπον
498 2495 518 2584 ἡ
530 2499 684 2584 βασιλέος
694 2499 762 2565 έστδ
774 2500 829 2565 καὶ
845 2500 915 2584 χεὶρ
931 2495 1138 2586 ὑπερμήκης.

130 2592 174 2683 ἢν
187 2590 236 2665 οἶν
246 2595 291 2684 μὴ
304 2595 423 2665 αὐτίκα
434 2593 671 2683 ὁμολογήσητε,
683 2594 811 2682 μεγάλα
823 2596 1072 2679 προτεινόντων
1084 2595 1139 2664 ἐπ’

132 2689 197 2761 οἷσι
209 2692 403 2781 ὁμολογέειν
414 2697 581 2778 ἐθέλουσι,
598 2696 755 2780 δειμαίνω
767 2692 852 2779 ὑπὲρ
864 2691 976 2781 ὑμέων
987 2697 1024 2762 έν
1034 2702 1141 2787 τρίβῳ

131 2815 165 2857 τε
180 2790 323 2876 μάλιστα
342 2795 530 2878 οἰκημένων
546 2796 615 2857 τῶν
636 2789 819 2876 συμμάχων
836 2790 990 2878 πάντων,
1015 2798 1085 2860 αίεί
1106 2819 1141 2860 τε

132 2891 370 2976 φθειρομένων
384 2889 539 2975 μούνων,
561 2889 728 2975 ἐξαίρετόν
744 2915 775 2956 τι
790 2898 982 2977 μεταίχμιον
995 2889 1060 2978 τὴν
1075 2901 1142 2980 γῆν

131 2992 351 3078 κεκτημένων.
360 2985 629 3059 άλλίιπείδεσθε·
651 2995 779 3056 πολλοῦ
793 2986 858 3075 γάρ
869 2986 950 3075 ὑμῖν
965 2989 1041 3070 άξια
1056 3001 1142 3061 ταῦ-

130 3113 188 3172 τα,
208 3091 237 3154 εί
250 3087 408 3173 βασιλεύς
422 3112 460 3173 γε
476 3083 494 3154 ὁ
512 3089 614 3172 μέγας
627 3085 784 3173 μούνοισι
798 3087 879 3174 ὑμῖν
895 3086 1067 3176 Ἑλλήνων
1082 3091 1142 3174 τάς

132 3181 324 3270 ἁμαρτάδας
343 3181 451 3264 άπιείς
472 3188 638 3255 έθέλειί
596 3214 621 3273 φ
623 3194 692 3266 ίλος
714 3193 881 3275 γενέσθαι.
923 3187 1142 3282 Ἀλέξανδρος

66 3291 113 3347 141
132 3281 194 3369 μέν
214 3289 318 3348 ταῦτα
340 3288 445 3370 ἔλεξε,
473 3285 734 3373 Λακεδαιμόνιοι
755 3287 808 3368 δὲ,
832 3286 1067 3375 πνθύμενοι’
1042 3317 1142 3379 ηκειν

127 3375 345 3466 Ἀλέξανδρον
356 3377 408 3463 ές’
403 3381 554 3472 Αθήνας
554 3385 587 3463 ές
597 3382 779 3471 ὁμολογίην
788 3381 910 3464 ἄξοντα
921 3412 967 3458 τω
952 3391 1143 3482 βαρβάρῳ

65 3556 93 3620 Ι
