2378 3840
311 192 395 249 ιιΒ.
427 192 485 249 νει
519 171 621 250 σαεξ
650 197 824 254 τεο-τεο.
1004 192 1067 257 κτλ

63 354 119 432 ζον
135 351 199 435 ἔφη
218 345 302 416 είναι
319 340 543 437 Σπαρτιήτῃσι
562 348 645 417 κατά
666 357 723 436 τῆς
737 351 911 440 θαλάσσης
926 357 1065 421 καταδε-

65 451 200 518 δυκέναι
214 455 342 533 μᾶλλον
355 442 377 534 ή
392 445 582 535 ὑπερέχειν,
598 455 665 517 αίεί
673 475 704 516 τι
716 454 914 535 προσδοκῶν
929 448 987 516 ἀπ’
1002 449 1064 518 αὐ·

61 552 119 632 τῆς
131 551 262 613 τοιοῦτο
278 550 414 613 ἔσεσθαι
441 541 515 613 οἷόν
526 571 557 612 τι
569 544 634 631 έγοδ
647 548 830 634 ἐξηγέομαι,
846 547 919 617 οὔτι
930 547 991 617 τόν
1002 545 1064 614 σὸν

61 642 182 711 στόλον
196 641 376 730 προειδοές,
398 640 482 712 ἀλλά
503 644 612 710 πάντα
634 640 755 729 ὁμοίως
776 647 981 733 φοβεόμενος
1002 643 1064 712 ἀν-

61 744 152 862 δρηὸν
166 741 297 861 στόλοη.
326 744 362 808 ἐκ
382 740 504 828 ταύτης
520 734 568 809 ἀν
584 749 641 829 τής
658 743 765 829 νήσου
782 740 980 830 ὁρμεόμενοι
999 769 1064 828 φο-

59 837 210 924 βεόντων
221 835 300 916 τοὺς
309 843 603 925 Λακεδαιμονίους.
620 847 784 928 παροίκου
796 843 832 909 δέ
843 844 990 927 πολέμου
1003 861 1064 926 σφι

60 935 173 1014 ἐόντος
191 941 321 1022 οίκηίον
341 933 442 1005 οὐδὲν
463 939 567 1006 δεινοί
589 944 723 1007 ἔσονταί
708 946 801 1025 ίτοι,
824 939 867 1028 μή
884 950 940 1028 τής
961 940 1062 1026 ἀλλης

54 1032 210 1113 Ελλάδος
229 1032 486 1123 ἁλισκομένης*
468 1034 534 1106 υπὸ
558 1043 619 1105 τοῦ
643 1043 701 1118 πεζ
700 1062 740 1103 ου
685 1037 920 1122 ζβωθέωσι
947 1041 1059 1127 ταύτη.

61 1135 370 1221 καταδουλωθείσης
384 1137 488 1220 δέτης
503 1132 604 1220 ἀλλης
613 1131 779 1220 Ελλάδος,
796 1133 937 1214 ἀσθενὲς
948 1133 1057 1223 ήδη
1023 1161 1060 1201 το

62 1226 258 1298 Λακωνικόν
267 1237 397 1317 μοῦνον
407 1226 606 1300 λείπεται.“
584 1258 628 1316 ην
639 1233 675 1298 δὲ
689 1238 792 1299 ταῦτα
803 1229 847 1319 μή
859 1239 967 1321 ποιῇς,
982 1231 1061 1299 τάδε

62 1354 109 1396 τοι
130 1329 301 1416 προσδόκα
317 1334 470 1398 ἔσεσθαι·
500 1335 567 1397 ἔστι
587 1336 644 1416 τής
659 1330 922 1418 Πελοποννήσου
940 1328 1061 1414 ἰσθμὸς

58 1425 201 1546 στεινός·
215 1427 252 1494 έν
263 1427 370 1519 τούτω
380 1435 425 1519 τῷ
433 1428 530 1518 χόρω
540 1428 677 1495 πάντων
683 1433 967 1512 Πελοποννησίων
977 1445 1060 1494 συν-

60 1521 255 1608 ομοσάντων
269 1525 322 1593 ἐπὶ
343 1527 395 1593 σοὶ
416 1525 521 1611 μάχας
536 1529 748 1610 ἰσχυροτέρας
763 1524 864 1605 ἁλίας
879 1533 947 1593 τῶν
962 1550 1060 1612 γενο-

58 1624 169 1705 μένων
184 1626 365 1706 προσδέκεο
381 1629 520 1691 έσεσθαί
531 1648 591 1691 τοι.
615 1626 721 1691 έκεῖνο
739 1623 775 1690 δέ
785 1623 960 1711 ποιήσαντι
973 1621 1055 1709 ἀμα

57 1714 168 1802 χ”ητλ
149 1741 165 1782 ο
191 1741 226 1782 τε
246 1714 367 1803 ἰσθμός
391 1710 488 1797 οὗτος
509 1723 619 1788 καλί
580 1748 603 1786 α
605 1720 749 1799 ίπόλιες
770 1720 1056 1808 προσχωρήσουσι.

58 1819 154 1899 Λέγει
176 1811 258 1899 μετά
275 1821 395 1882 τοῦτον
412 1813 604 1902 Ἀχαιμένης
622 1815 783 1902 ἀδελφεός
798 1842 833 1884 τε
854 1815 956 1884 έοδν
933 1820 1060 1901 Ξέρξεω
1075 1832 1126 1888 2³6

57 1915 111 1982 καί
126 1918 186 1980 τοῦ
202 1919 363 1980 ναυτικοῦ
381 1921 525 2000 στρατοῦ
539 1912 737 2002 στρατηγός,
752 1908 952 1999 παρατυχόν
967 1939 1001 1980 τε
1013 1920 1058 2003 τῷ

56 2012 144 2102 λόγῳ
160 2013 215 2078 καί
239 2013 352 2089 δείσας
376 2008 420 2098 μή
437 2008 641 2101 ἀναγνωσθῇ
655 2015 778 2100 Ξέρξης
798 2015 925 2080 ποιέειν
937 2019 1056 2081 ταῦτα·

57 2106 97 2180 Ὦ
109 2116 258 2198 βασιλεῦ,
267 2105 352 2196 ὁρέω
364 2129 401 2178 σε
413 2107 536 2198 ἀνδρὸς
548 2113 767 2199 ἐνδεκόμενον
778 2110 910 2197 λόγους,
919 2108 956 2189 ὃς
967 2121 1057 2196 φθο-

54 2213 121 2278 νέει
137 2234 187 2275 τοι
204 2200 242 2276 εὖ
263 2208 445 2296 πρήσσοντι
465 2205 557 2296 ήκαλ
577 2215 734 2298 προδιδοῖ
751 2209 926 2297 πρήγματα
944 2208 985 2277 τά
1003 2210 1055 2278 σά.

53 2310 108 2377 καὶ
119 2306 184 2394 γάρ
197 2302 236 2390 δή
249 2308 303 2374 καί
315 2306 468 2392 τρόποισι
479 2307 658 2377 τοιούτοισι
673 2309 847 2395 χρεόμενοι
861 2311 895 2375 οί
901 2306 1056 2394 Ἕλληνες

53 2410 222 2492 χαίρουσι·
252 2410 312 2469 τοῦ
333 2429 367 2470 τε
386 2401 553 2491 εὐτυχέειν
570 2409 757 2490 φθονέουσι
779 2410 833 2474 καὶ
854 2404 890 2472 τό
914 2410 1056 2491 κρέσσον

54 2503 240 2586 στυγέουσι.
265 2506 294 2568 εί
308 2498 339 2567 δ’
358 2504 410 2569 ἐπὶ
425 2510 498 2590 τῇσι
518 2502 722 2590 παρεούσῃσι
741 2503 874 2588 τύχησι,
900 2509 945 2593 τῷ
985 2506 1056 2579 νέες

53 2594 302 2683 νεναυηγήκασι
324 2599 550 2686 τετρακόσιαι,
574 2599 675 2677 ἀλλας
696 2603 732 2667 έκ
749 2607 810 2666 τοῦ
831 2603 1057 2686 στρατοπέδου

53 2701 244 2783 τριηκοσίας
254 2692 461 2782 ἀποπέμψεις
472 2698 673 2784 περιπλώειν
679 2698 952 2785 Πελοπόννησον,
964 2696 1058 2779 ἀξιό-

52 2802 153 2884 μαχοί
164 2821 215 2862 τοι
230 2800 381 2882 γίνονται
396 2799 429 2862 οί
442 2791 631 2864 ἀντίπαλοι·
653 2793 735 2883 ἀλής
746 2798 781 2863 δὲ
793 2793 859 2864 ἔων
870 2793 887 2862 ὁ
899 2794 1056 2874 ναυτικὸς

53 2892 192 2982 στρατὸς
209 2896 517 2983 δυσμεταχείριστός
532 2922 567 2965 τε
582 2893 711 2966 αάτοϊσι
725 2903 861 2983 γίνεται,
880 2901 934 2967 καί
948 2894 1054 2983 ἀρχήν

52 2991 116 3062 οὐκ
131 2991 305 3080 ἀξιόμαχοί
315 3018 367 3062 τοι
382 2999 531 3082 ἔσονται,
551 2997 605 3062 καί
620 3001 684 3073 πάς
699 2991 716 3061 ὁ
736 2991 892 3072 ναυτικὸς
908 3001 953 3084 τῷ
969 2999 1055 3083 πεζῷ

53 3091 167 3179 ἀρήξει
182 3089 265 3160 καὶὸ
279 3090 375 3174 πεζὸς
388 3100 433 3184 τῷ
448 3100 594 3185 ναυτικῷ
610 3090 697 3179 ὁμοῦ
712 3092 954 3181 πορευόμενος·
979 3098 1008 3160 εί
1018 3091 1054 3158 δὲ

53 3188 262 3276 διασπάσεις,
279 3190 356 3260 οὔτε
367 3189 409 3260 οδ
427 3198 516 3260 ἔσεαι
528 3195 683 3260 ἐκείνοισι
700 3191 859 3279 χρήσιμος
875 3187 952 3257 οὔτε
969 3192 1054 3258 ἐκεί·

53 3314 106 3356 νοι
123 3293 184 3356 σοί.
209 3284 248 3355 τά
260 3297 411 3358 σεωυτοῦ
425 3291 460 3359 δὲ
475 3296 649 3376 τιθέμενος
664 3283 703 3356 εὖ
720 3288 858 3376 γνώμην
870 3292 921 3373 ἔχε
935 3285 975 3355 τά
986 3293 1054 3356 τῶν

52 3384 283 3475 ἀντιπολέμων
294 3385 339 3474 μή
352 3391 563 3476 ἐπιλέγεσθαι
574 3387 766 3478 πρήγματα,
782 3393 821 3474 τή
831 3411 866 3453 τε
877 3384 1065 3472 στήσοντατ’
