2378 3840
333 190 417 246 LIB.
449 188 496 248 IX.
533 185 631 280 CAR.
659 192 794 250 67-60·
1002 187 1064 253 ³17

57 347 189 437 γνύμηι
210 347 415 433 δειλοτάτην,
426 343 470 425 ὡς
480 342 589 432 χρεόν
600 354 651 432 εἴη
661 341 904 427 ἀναζεύξαντας
913 374 950 416 το
963 368 1065 436 στρα-
1079 410 1084 422 ,

57 447 203 516 τόπεδυν
222 446 307 514 ίέναι
328 447 362 526 ἐς
380 442 418 512 τό
440 451 598 531 Θηβαίων
616 441 700 512 ἀστυ
719 452 1062 536 πολιορκησομένους

57 542 122 631 τήν
138 549 184 612 ἐτι
205 542 288 631 πρὸς
302 546 383 630 ἐμεῦ
399 539 556 631 βασιλεύς
569 543 735 627 πεύσεται.
774 549 841 613 Καὶ
857 545 987 615 τούτων
1002 549 1064 633 μέν

58 646 198 728 ἑτέρωθι
210 648 301 712 ἔσται
311 642 428 728 λόγος,
443 648 509 709 νῦν
520 643 555 709 δέ
570 644 727 710 ἐκείνοισι
737 649 842 711 ταῦτα
852 653 986 713 ποιεῦσι
1000 643 1064 715 ούκ

57 743 252 828 ἐπιτρεπτέα
264 743 337 809 ἐστί
338 790 348 827 ,
365 737 449 809 ἀλλά
462 743 612 809 διωκτέοι
622 743 684 808 εἰσὶ
694 744 727 819 ές
738 738 757 808 ὅ
767 746 1065 828 καταλαμφθέντες

58 839 206 908 δύσουσι
225 836 307 926 ἡμῖν
326 847 394 907 τῶν
417 835 457 925 δὴ
474 841 635 925 ἐποίησαν
650 838 784 927 Πέρσας
803 842 942 908 πάντων
959 847 1060 921 δίκας.

61 948 174 1008 Ταῦτα
182 950 275 1020 εἶπας
285 934 346 1029 ἦγε
354 938 571 1027 τούςΠέρσας
578 939 691 1032 δρόμω
701 939 883 1028 διαβάντας
892 938 953 1009 τόν
964 940 1060 1009 Ἀσω
1078 953 1113 1010 69

56 1038 124 1109 πόυ
138 1038 222 1110 κατὰ
233 1047 349 1129 στίβον
359 1047 427 1110 τῶν
438 1039 608 1129 Ἑλλήνων
620 1039 664 1120 ὡς
679 1038 719 1128 δὴ
732 1038 1062 1129 ἀποδιδρησκόντων,
1087 1035 1092 1049 “

57 1141 166 1226 ἐπεῖχέ
177 1164 211 1208 τε
227 1143 280 1209 ἐπὶ
294 1146 579 1228 Λακεδαιμονίους
593 1166 629 1209 τε
642 1144 698 1210 καλ
718 1141 881 1229 Τεγεήτας
898 1141 1062 1229 μούνους·

53 1232 254 1324 Ἀθηναίους
278 1236 344 1326 γάρ
371 1243 601 1327 τραπομένους
632 1241 665 1319 ἐς
692 1237 730 1308 τδ
758 1245 875 1309 πεδίον
901 1238 968 1310 ὑπό
996 1248 1063 1310 τῶν

58 1333 376 1424 όχθωνούκατύρα.
400 1343 533 1427 Πέρσας
543 1339 579 1407 δέ
587 1335 742 1424 ὁρέοντες
754 1337 971 1428 ὡρμημένους
982 1342 1063 1411 διοί-

57 1460 131 1502 κειν
152 1432 232 1515 τούς
249 1435 411 1524 Ἕλληνας
432 1443 465 1507 οί
487 1440 597 1506 λοιποὶ
614 1444 682 1505 τῶν
703 1445 919 1526 βαρβαρικῶν
940 1444 1062 1507 τελέων

57 1531 214 1620 ἀρχοντες
227 1532 346 1604 αὐτίκα
360 1536 483 1615 τιάντες
496 1536 615 1625 ἤειραν
635 1532 675 1603 τά
690 1536 828 1624 σημήλα,
853 1539 909 1605 καὶ
922 1542 1061 1607 ἐδίωκον

59 1632 103 1711 ὡς
119 1637 233 1702 ποδῶν
247 1637 384 1715 ἕκαστος
398 1636 504 1722 εἶχον,
520 1634 598 1704 ούτε
612 1636 727 1728 κόσμῳ
740 1635 854 1710 ούδενλ
868 1643 1060 1726 κοσμηθέν-
1139 1692 1141 1703 ε,

57 1758 110 1812 τες
125 1729 202 1802 οὔτε
216 1733 299 1814 τόξα·
332 1738 398 1803 Καὶ
411 1728 505 1803 οὗτοι
519 1736 581 1822 μέν
598 1741 661 1823 βοή
680 1760 716 1802 τε
730 1739 785 1803 καί
802 1733 906 1828 ὁμίλῳ
920 1740 1065 1827 ἐπήισαν,

58 1827 103 1909 ὡς
123 1827 396 1919 ἀναρπασόμενοι
416 1830 495 1912 τούς
512 1831 689 1920 Ἕλληνας,
717 1841 912 1921 Παυσανίης
934 1840 986 1923 δέ,
1014 1834 1057 1914 ὡς
1075 1854 1109 1908 60

59 1930 254 2012 προσεκέετο
265 1927 286 2018 ἡ
297 1933 407 2018 ἵππος,
419 1936 550 2019 πέμψας
563 1929 648 2016 πρὸς
658 1930 737 2011 τούς
747 1928 949 2020 Ἀθηναίους
960 1941 1061 2006 ίτιπέα

59 2031 145 2114 λέγει
158 2029 253 2097 τάδε·
266 2029 405 2117 ’Ἀνδρες
415 2027 599 2119 Ἀθηναῖοι,
607 2029 745 2118 ’ἀγῶνος
756 2039 913 2120 μεγίστου
923 2060 1061 2123 προκει-

58 2125 177 2212 μένου,
201 2127 385 2215 ἐλευθέρην
408 2125 530 2217 εἶναιή
551 2133 807 2218 δεδουλωμένην
827 2129 889 2219 τήν
907 2130 1059 2223 Ἑλλάδα,

56 2225 291 2312 προδεδόμεθα
304 2223 371 2294 ὑπὸ
382 2234 451 2295 τῶν
461 2227 646 2315 συμμάχων
656 2224 750 2315 ἡμείς
759 2254 796 2296 τε
807 2234 841 2296 οί
849 2231 1060 2318 Λακεδαιμό-

57 2347 124 2391 νιοι
136 2325 191 2389 καλ
201 2321 295 2408 ὑμεῖς
310 2329 343 2392 oi
352 2321 523 2411 Ἀθηναῖοι
537 2322 604 2394 ύπδ
615 2323 679 2413 τὴν
692 2329 939 2413 παροιχομένην
953 2329 1059 2395 νύκτα

58 2420 276 2506 διαδράυτων.
308 2429 375 2488 νῦν
392 2416 441 2490 ἀν
455 2427 606 2493 δέδοκται
622 2422 659 2492 τὸ
674 2426 835 2492 ἐνθεῦτεν
851 2423 889 2492 τό
901 2430 1060 2512 ποιητέον

56 2514 152 2605 ἡμῖν,
175 2515 407 2605 ἀμυνομένους
422 2519 486 2607 γάρ
505 2529 546 2610 τή
560 2522 738 2608 δυναίμεθα
756 2520 873 2606 ἀρίστα
888 2528 1060 2608 περιστέλ-

56 2623 129 2685 λειν
143 2613 317 2704 ἀλλήλους.
341 2624 371 2686 εί
383 2623 445 2705 μέν
459 2646 526 2687 νυν
536 2623 570 2699 ἐς
584 2618 687 2706 ὑμέας
702 2617 834 2705 ὥρμησε
850 2615 987 2707 ἀρχὴνὴ
1003 2625 1061 2687 ίπ-

56 2739 134 2799 πος,
149 2722 233 2803 χρῆν
247 2714 287 2802 δὴ
302 2713 405 2804 ἡμέας
417 2745 454 2786 τε
467 2721 523 2787 καὶ
536 2716 616 2796 τούς
629 2715 701 2803 μετ’
716 2715 828 2804 ἡμέων
840 2717 904 2805 τήν
919 2717 1058 2788 Ἐλλάδα

56 2813 99 2883 ού
122 2815 344 2901 προδιδόντας
368 2816 531 2904 Τεγεήτας
557 2816 701 2904 βωθέειυ
726 2813 824 2902 ὑμίν·
857 2824 923 2884 νύν
946 2818 999 2886 δέ·
1025 2821 1060 2938 fg

55 2912 157 3003 ἡμέας
167 2911 233 2999 γάρ
246 2911 358 2981 ἀπασα
372 2914 556 3003 κεχώρηκε·
572 2919 697 2983 δίκαιοί
708 2917 780 2982 ἐστε
791 2911 887 3002 ὑμεῖς
900 2914 985 3003 πρὸς
997 2941 1059 3004 την

55 3014 253 3099 πιεζομένην
273 3015 415 3101 μάλιστα
430 3021 499 3082 τῶν
515 3016 660 3102 μοιρέων
682 3011 884 3100 ἀμυνέοντες
900 3021 996 3084 ίέυαι.
1031 3023 1061 3085 εί

57 3109 89 3180 δ’
113 3109 177 3199 ἀρα
198 3109 322 3192 αὐτούς
341 3109 445 3199 ἡμέας
468 3112 714 3199 καταλελάβηκε
734 3109 905 3180 ἀδύνατόν
929 3138 960 3180 τι
991 3120 1061 3200 βω-

55 3211 168 3293 θέειν,
189 3205 282 3294 ὑμεῖς
296 3207 328 3279 δ’
343 3207 424 3298 ἡμίν
437 3210 517 3292 τούς
537 3210 671 3291 τοξότας
691 3207 947 3297 ἀποπέμψαντες
959 3211 1059 3300 χάριν

55 3311 173 3377 θέσθε.
197 3313 399 3397 συνοίδαμεν
414 3312 451 3379 δέ
462 3308 543 3398 ὑμῖν
553 3307 619 3377 ὑπὸ
631 3306 692 3378 τόν
702 3307 871 3394 παρεόντα
884 3309 983 3378 τόνδε
995 3311 1058 3378 πό-

57 3413 160 3492 λεμον
184 3407 277 3473 ἐοῦσι
297 3406 423 3476 πολλὸν
444 3407 748 3496 προθυμοτάτοισι,
775 3403 934 3475 ἀστικαὶ
954 3413 1059 3474 ταῦτα
