2378 3840
133 460 191 541 τῆς
209 450 333 541 ἡμέρης
350 460 605 541 συμπίπτοντος.
623 462 684 523 τοῦ
696 481 733 524 τε
753 458 791 525 έν
803 463 991 545 Πλαταιῇσι
1010 458 1072 527 καί
1087 462 1146 526 τοῦ

134 556 172 622 ἐν
184 555 332 642 Μυκάλῃ
343 558 521 640 μέλλοντος
532 560 671 623 ἔσεσθαι
684 555 855 642 τρώματος
866 555 960 643 φήμη
971 569 1063 625 τοῖσι
1070 555 1147 628 Ἕλ-

133 660 209 739 λησι
224 665 309 720 τοῖσι
322 651 426 740 ταύτη
440 653 626 738 ἐσαπίκετο,
643 651 727 720 ύστε
739 659 912 740 θαρσῆσαί
918 679 956 721 τε
965 650 1034 742 τὴν
1044 674 1147 743 στρα-

133 745 208 836 τιὴν
230 755 342 839 πολλῷ
361 756 489 835 μᾶλλον
506 753 562 818 καί
586 744 1003 838 έθέλεινπροδνμότερον
1024 756 1146 821 κινδυ-

66 861 115 914 101
131 845 254 914 νεύειν.
277 848 343 913 Καὶ
354 846 431 914 τόδε
442 847 560 931 ἕτερον
571 853 735 916 συνέπεσε
748 846 945 936 γευόμενον,
960 849 1146 939 Δήμητρος

131 945 268 1029 τεμένεα
279 940 480 1031 Ἐλευσινίης
490 944 577 1032 παρ’
593 944 785 1035 ἀμφοτέρας
794 944 855 1027 τὰς
864 946 1142 1035 συμβολάςείναα

132 1045 187 1111 καὶ
201 1040 265 1130 γάρ
277 1039 318 1130 δὴ
333 1045 371 1110 έν
384 1051 424 1133 τῇ
435 1049 614 1113 Πλαταιίδι
624 1043 706 1132 παρ’
719 1041 801 1112 αύτό
813 1043 851 1113 τὸ
862 1045 1069 1133 Δημωῇτριον
1079 1047 1144 1132 byl-

132 1166 225 1228 νετο,
242 1137 286 1220 ὥς
302 1143 357 1210 καὶ
374 1141 542 1236 πρότερόν
555 1170 614 1229 μοι
629 1154 773 1231 είρηται,
788 1140 809 1231 ἡ
823 1144 922 1231 μάχη,
938 1146 996 1213 καὶ
1011 1147 1055 1213 ἐν
1064 1152 1144 1213 Μν-

131 1239 218 1328 κάλη
233 1246 347 1328 ἔμελλε
364 1239 522 1322 ὡσαύτως
539 1249 687 1312 ἔσεσθαι.
716 1249 892 1331 γεγονέναι
906 1247 943 1313 δδ
960 1251 1069 1333 νίκην
1080 1251 1144 1314 τῶν

132 1336 214 1425 μετά
224 1345 425 1408 Παυσανίεω
433 1338 604 1429 Ἑλλήνων
618 1339 731 1429 ὀρθῶς
748 1361 809 1429 σφι
822 1340 844 1430 ἡ
856 1342 951 1431 φήμη
961 1346 1143 1433 συνέβαινε

132 1439 289 1506 ἐλθοῦσα.
310 1435 347 1506 τδ
366 1439 429 1524 μὲν
443 1437 508 1525 γάρ
524 1441 564 1508 ἐν
579 1447 766 1530 Πλαταιῇσι
779 1446 871 1528 πρωί
882 1447 930 1510 ἔτι
944 1448 1005 1527 τῆς
1018 1439 1142 1528 ἡμέρης

133 1539 276 1622 ἐγίνετο,
292 1534 329 1604 τό
345 1540 382 1606 δὲ
397 1539 434 1605 ἐν
449 1537 599 1626 Μυκάλη
613 1541 688 1624 περὶ
706 1543 829 1625 δείλην.
850 1535 902 1606 ὅτι
919 1537 957 1606 δὲ
967 1545 1032 1626 τῆς
1046 1535 1141 1623 αὐτῆς

131 1630 256 1719 ἡμέρης
272 1637 450 1723 συνέβαινε
465 1641 622 1721 γίνεσθαι
639 1636 745 1724 μηνός
761 1643 873 1705 τετοῦ
891 1633 1018 1723 αύτοῦ,
1035 1637 1140 1728 χρύνφ

132 1728 174 1799 ού
187 1738 299 1823 πολλῷ
309 1753 371 1820 σφι
382 1731 528 1820 ὕστερον
539 1738 624 1820 δῆλα
639 1730 920 1821 ἀναμανθάνουσι
932 1737 1083 1820 ἐγένετο.
1102 1728 1141 1821 ἡν

130 1828 169 1898 δέ
183 1826 331 1916 άρρωδίη
348 1849 410 1916 σφι
424 1833 506 1918 πρὶν
519 1829 582 1918 τὴν
595 1832 712 1918 φήμην
727 1835 963 1917 ἐσαπικέσθαι,
979 1831 1063 1901 οὔτι
1072 1834 1140 1916 περὶ

131 1928 246 2013 σφέων
260 1924 372 1997 αύτῶυ
387 1927 493 2016 οὕτω,
510 1928 555 2010 ὡς
569 1937 638 1998 τῶν
647 1928 832 2016 Ἑλλήνων,
848 1929 893 2017 μὴ
909 1933 986 2017 περὶ
997 1937 1137 2020 Μαρδο-

130 2031 192 2116 υίφ
206 2031 327 2113 πταίση
339 2023 360 2112 ἡ
371 2024 495 2105 Ἑλλάς.
521 2024 565 2106 ὡς
577 2025 723 2114 μέντοιὴ
739 2024 873 2114 κληδύν
889 2024 974 2114 αὕτη
990 2048 1060 2115 σφι
1075 2030 1136 2097 ἐσέ-

131 2151 251 2212 πτατο,
269 2127 398 2212 μᾶλλόν
409 2152 440 2194 τι
455 2128 511 2195 καὶ
524 2130 706 2216 ταχύτερον
719 2125 783 2215 τὴν
796 2127 967 2214 πρόσοδον
982 2128 1139 2197 ἐποιεῦν-

130 2251 177 2293 το.
201 2229 235 2293 οί
247 2226 309 2310 μὲν
323 2221 363 2311 δὴ
376 2222 535 2314 Ἕλληνες
550 2230 652 2296 καλοί
665 2225 831 2314 βάρβαροι
846 2229 1017 2292 ἔσπευδον
1033 2229 1069 2305 ἐς
1085 2224 1142 2312 τὴν

131 2323 256 2410 μάχην,
278 2320 323 2402 οἷς
336 2342 398 2409 σφι
413 2325 468 2390 καὶ
485 2329 523 2392 αἱ
540 2330 638 2411 νῆσοι
658 2327 712 2393 καὶ
733 2321 752 2390 ὁ
769 2322 1015 2410 Ἑλλήσποντος
1037 2325 1141 2392 ἄεθλα

130 2424 317 2508 προεκέετο.

63 2540 113 2594 λοι
216 2529 310 2591 Τοίσι
324 2526 387 2609 μέν
400 2549 467 2592 υυυ
477 2520 685 2611 Ἀθηναίοισι
702 2527 757 2593 καὶ
767 2538 852 2592 τοῖσι
867 2526 1048 2609 προσεχέσι
1062 2523 1142 2592 τού-

129 2639 215 2690 τοισι
231 2625 458 2708 τεταγμένοισι
473 2624 569 2709 μέχρι
586 2648 650 2690 κου
663 2629 732 2689 τῶν
747 2619 912 2709 ἡμισέων,
933 2615 955 2707 ἡ
970 2616 1055 2700 ὁδδς
1074 2623 1144 2708 eyc-

129 2744 205 2787 νετο
218 2717 291 2787 κατ’
308 2720 461 2806 αἰγιαλόν
474 2745 511 2787 τε
528 2721 583 2789 καὶ
598 2716 724 2787 άπεδον
737 2725 865 2806 χῶρον,
879 2730 966 2785 τοῖσι
977 2719 1018 2786 δὲ
1030 2725 1143 2787 Λακε·

58 2810 59 2813 “
130 2821 330 2904 δαιμονίοισι
344 2820 400 2886 καὶ
415 2831 499 2885 τοῖσι
513 2818 629 2904 ἐπεξῆς
646 2817 795 2884 τούτοισι
809 2816 1042 2900 τεταγμένοισι
1056 2811 1142 2884 κατά
1171 2818 1179 2889 λ

129 2943 165 2985 τε
178 2915 350 3003 χαράδρηυ
363 2918 419 2984 καί
433 2912 546 3001 ούρεα.
570 2916 606 2982 έν
622 2907 649 3004 ᾧ
666 2915 703 2982 δὲ
719 2918 753 2982 οί
764 2909 1029 3008 Λακεδαιμόνιοι
1043 2935 1142 2999 περι-

131 3017 239 3104 ἡίσαυ,
255 3006 348 3083 οὗτοι
363 3019 397 3083 οί
422 3013 477 3079 ἐπὶ
502 3016 549 3103 τῷ
577 3013 676 3103 ἑτέρω
702 3013 795 3097 κέρεϊ
818 3009 874 3077 καὶ
902 3005 943 3095 δὴ
961 3010 1140 3097 ἐμάχοντο.

127 3119 190 3194 ἕως
206 3116 267 3200 μέυ
278 3141 344 3181 νυν
357 3126 443 3182 τοίσι
453 3114 602 3200 Πέρσησι
619 3112 721 3199 ὅρδια
736 3105 782 3198 ἡν
795 3108 835 3178 τά
851 3112 964 3195 γέρρα,
980 3106 1141 3196 ἠμύνον-

128 3212 167 3280 τό
183 3236 219 3278 τε
234 3214 289 3279 καὶ
303 3207 404 3279 οὐδὲν
420 3215 562 3279 ἔλασσον
583 3210 672 3296 εἶχον
686 3216 726 3299 τῇ
741 3208 847 3298 μάχη,
877 3211 987 3278 ἐπείτε
1011 3209 1050 3278 δὲ
1071 3216 1142 3279 τῶν

124 3308 315 3394 Ἀθηναίων
328 3311 384 3378 καὶ
398 3317 466 3377 τῶν
483 3312 673 3396 προσεχέων
687 3305 705 3377 ὁ
721 3304 879 3396 στρατὸς,
899 3302 985 3385 ὅκως
999 3309 1141 3378 ἑωυτῶν

126 3411 262 3494 γένηται
279 3406 316 3476 τδ
332 3415 431 3496 ἔργον
444 3410 500 3477 καὶ
514 3407 559 3495 μὴ
571 3413 862 3496 Λακεδαιμονίων,
880 3411 1140 3493 παρακελευσά-

65 3528 215 3622 Α

133 193 199 258 336
512 200 570 256 ΗΕ
581 200 607 257 R
618 201 640 258 0
651 199 673 256 D
685 200 708 258 0
719 200 742 257 Τ
752 201 765 257 1

133 360 239 439 ρίοισί
251 357 318 424 ἐστι
332 354 374 424 τὰ
388 366 466 424 θεία
481 362 551 423 των
565 355 787 443 πρηγμάτων,
801 361 832 425 εί
844 360 899 424 καί
912 357 990 427 τότε
1004 362 1070 446 τῆς
1085 355 1147 426 αύ-

1180 3674 1186 3741 Ι
