2378 3840
294 215 382 272 ιιο.
412 217 472 272 vn.
505 216 606 274 σοι).
639 223 816 278 τοο-σο.
1011 215 1072 280 195

66 377 161 460 νέας,
178 375 437 461 καραδοκέοντες
447 377 503 441 καὶ
514 365 608 442 οὑτοι
622 371 683 442 τόν
696 376 845 462 πόλεμον
859 383 900 466 τῇ
910 379 1071 464 πεσέεται,

66 472 281 553 ἀελπτέοντες
292 479 356 561 μὲν
368 469 619 560 τοὺςἝλληυας
635 472 913 563 ὑπερβαλέεσθαι,
932 479 1071 545 δοκέον-

65 599 117 652 τες
129 573 165 640 δὲ
176 569 237 640 τόν
243 575 380 658 Πέρσην
389 570 685 658 κατακρατήσαντα
696 570 823 642 πολλόν
837 573 951 662 ἄρξειν
962 572 1071 660 πάσης

64 679 120 758 της
135 669 300 750 Ἑλλάδος.
326 673 461 738 ἐποίευν
479 661 528 737 όν
545 671 712 757 έπίτηδες,
726 673 783 738 ἵνα
799 676 896 757 ἔχωσι
911 669 995 759 πρός
1010 669 1072 739 τὸν

62 770 199 856 Πέρσην
208 772 320 856 λέγειν
329 765 458 836 τοιάδε·
477 760 517 833 Ὠ
523 774 674 854 βασιλεῦ,
681 764 774 854 ἡμεῖς
785 767 1070 856 παραλαμβανόν-

62 896 131 937 των
146 876 214 936 τῶν
223 864 393 955 Ἑλλήνων
409 861 514 952 ήμέας
524 866 557 942 ές
567 861 628 931 τόν
641 863 791 950 πόλεμον
803 872 925 933 τοῦτον
940 870 1070 950 ἔχοντες

63 967 211 1053 δύναμιν
222 962 285 1033 οὑκ
300 966 472 1050 ἐλαχίστην
483 958 563 1031 οὑδὲ
574 965 652 1040 νέας
663 964 831 1047 ἐλαχίστας
843 960 1069 1047 παρασχόντες

62 1061 117 1151 ἀν,
133 1061 218 1133 ἀλλά
233 1067 387 1141 πλείστας
401 1060 485 1148 μετά
496 1087 536 1148 γε
549 1058 760 1147 Ἀθηναίους,
777 1059 840 1128 οὑκ
855 1058 1068 1148 ήθελήσαμέν

63 1191 114 1231 τοι
128 1161 329 1231 ἀντιοὺσθαι
341 1159 423 1229 οὑδέ
430 1187 462 1229 τι
475 1159 672 1248 ἀποθύμιον
683 1168 828 1249 ποιήσαι.
852 1169 998 1229 Τοιαῦτα
1012 1163 1068 1227 λέ-

62 1286 178 1347 γοντες
188 1257 326 1346 ἤλπιζον
340 1261 487 1328 πλέοντι
502 1267 570 1327 τῶν
582 1258 694 1328 ἀλλων
706 1269 876 1329 οίσεσθαι·
903 1256 1004 1345 τάπερ
1025 1255 1046 1324 ἀ
1050 1284 1069 1323 ν

62 1363 117 1426 καλ
133 1362 279 1443 ἐγένετο,
303 1356 347 1438 ὥς
364 1362 435 1444 έμολ
450 1364 566 1429 δοκέει.
594 1357 679 1447 πρός
694 1362 730 1428 δὲ
744 1356 992 1443 τοὺςἝλληνάς
1007 1379 1068 1441 σφι

62 1463 182 1543 σκῆψις
196 1450 381 1539 ἐπεποίητο,
398 1463 503 1540 τῇπερ
523 1455 563 1541 δή
576 1462 631 1523 καλ
642 1456 838 1542 ἐχρήσαντο·
851 1460 1068 1539 αίτιευμένων

60 1555 126 1641 γὰρ
140 1559 209 1620 τῶν
218 1549 315 1637 Ἑλλή
319 1577 398 1637 νων,
411 1549 462 1619 ότι
478 1549 542 1620 οὑκ
566 1548 732 1636 ε’βόθεον,
752 1557 881 1635 ἔφασαν
893 1557 1066 1637 πληρῶσαι

62 1652 123 1737 μὲν
141 1649 299 1736 ἑξήκοντα
314 1649 484 1735 τριήρεας,
502 1647 567 1716 ὑπό
587 1651 622 1716 δὲ
638 1652 794 1734 ἐτησιέων
809 1647 942 1735 ἀνέμων
959 1646 1065 1733 ὑπερ-

61 1751 196 1836 βαλέειν
208 1749 351 1832 Μαλέην
367 1743 430 1814 οὑκ
448 1738 558 1814 οἷοίτε
569 1751 744 1832 γενέσθαι·
767 1747 855 1814 οὕτω
872 1747 933 1815 οὐκ
949 1746 1065 1815 ἀπικέ-

62 1858 143 1914 σθαι
160 1848 193 1924 ἐς
206 1854 399 1931 Σαλαμῖνα,
416 1847 471 1912 καὶ
486 1842 625 1933 οὐδεμιῇ
640 1845 795 1930 κακότητι
809 1851 992 1929 λειφθῆναι
1006 1851 1065 1928 τής

62 1950 253 2031 ναυμαχίης.
274 1936 367 2011 οὑτοι
378 1945 441 2030 μὲν
453 1941 542 2010 οὑτω
554 1943 792 2031 διεκρούσαντο
805 1942 884 2022 τούς
893 1942 1062 2028 Ἕλληνας.

144 2051 273 2131 Κρῆτες
284 2049 331 2131 δὲ,
355 2047 462 2114 ἐπείτε
478 2065 583 2132 σφεας
596 2045 856 2132 παρελάμβανον
871 2048 905 2111 οί
918 2046 970 2112 ἐπὶ
985 2043 1066 2110 τοὺ·
1082 2059 1133 2115 169

59 2162 144 2211 τοισι
155 2143 333 2228 ταχθέντες
341 2140 521 2232 Ἑλλήνων,
536 2145 696 2230 ἐποίησαν
706 2142 853 2211 τοιόνδε·
876 2143 1064 2227 πέμψαντες

61 2247 156 2329 κοινή
170 2240 387 2326 θεοπρόπους
402 2246 435 2321 ές
449 2239 608 2328 Δελφοὺς
621 2239 683 2310 τόν
701 2238 787 2310 θεόν
808 2239 1015 2330 ἐπειρώτεον,
1036 2249 1069 2305 εί

60 2363 120 2426 σφι
138 2338 277 2426 άμεινον
291 2345 417 2425 γίνεται
428 2342 628 2426 τιμωρέουσι
643 2348 682 2429 τῇ
692 2337 834 2408 Ἑλλάδι.
857 2339 877 2424 ἡ
897 2342 933 2407 δὲ
947 2345 1063 2422 Πυθίη

58 2436 276 2523 ὑπεκρίνατο·
297 2431 334 2503 Ὠ
348 2437 480 2523 νήπιοι,
503 2439 748 2524 ἐπιμέμφεσθε,
771 2434 833 2504 ὅσα
848 2434 930 2522 ὑμῖν
944 2439 980 2502 ἐκ
996 2442 1064 2501 τῶν

59 2541 219 2625 Μενέλεῳ
229 2536 473 2623 τιμωρημάτων
480 2544 601 2615 Μίνως
613 2542 737 2621 έπεμψε
748 2542 878 2620 μηνίων
890 2533 1064 2618 δακρύμα-

57 2663 114 2722 τα,
136 2633 189 2703 ὅτι
203 2640 237 2703 οί
248 2637 310 2721 μὲν
325 2635 367 2704 οὑ
382 2637 668 2723 συνεξεπρήξαντο
686 2632 775 2724 αὑτῷ
790 2632 851 2701 τόν
871 2638 908 2701 ἐν
922 2641 1063 2724 Καμικῷ

56 2736 213 2805 θάνατον
225 2734 426 2821 γενόμενον,
449 2733 544 2822 ὑμεῖς
558 2736 594 2802 δὲ
610 2739 765 2801 ἐκείνοισι
779 2729 842 2819 τήν
856 2734 892 2800 ἐκ
903 2731 1062 2817 Σπάρτης

57 2833 293 2922 ἁρπασθεῖσαν
307 2829 367 2900 ὑπ’
384 2828 509 2918 ἀνδρός
529 2830 704 2920 βαρβάρου
716 2844 869 2916 γνναλκα.
905 2836 1017 2897 Ταῦτα
1029 2833 1065 2896 οί

56 2939 185 3018 Κρῆτες
196 2927 241 3010 ὡς
252 2929 491 3018 ἀπενειχθέντα
502 2928 663 3017 ήκουσαν,
678 2935 813 3016 ἔσχοντο
825 2937 883 3016 τῆς
893 2933 1059 3016 τιμωρίης.

55 3033 195 3114 Λέγεται
205 3027 271 3114 γάρ
284 3036 408 3097 Μίνων
421 3025 505 3096 κατά
521 3026 655 3113 ζήτησιν
664 3026 839 3095 Δαιδάλου
854 3024 1061 3111 ἀπικόμενον
1079 3044 1130 3099 170

55 3132 90 3205 ές
104 3132 285 3214 Σικανίην,
301 3125 364 3215 τήν
380 3133 447 3194 νῦν
456 3133 617 3213 Σικελίην
633 3125 854 3213 καλεομένην,
872 3121 1061 3193 ἀποθανεῖν

55 3234 154 3317 βιαίῳ
169 3225 315 3312 θανάτῳ.
341 3223 407 3293 ἀνά
424 3227 461 3292 δὲ
473 3224 599 3312 χρόνον
613 3231 745 3309 Κρήτας
759 3229 846 3289 θεοῦ
860 3225 965 3307 σφέας
980 3225 1061 3291 έπο-

55 3325 258 3411 τρὺναντος,
274 3324 401 3402 πάντας
416 3321 505 3411 πλήν
515 3325 741 3408 Πολιχνιτέων
755 3346 790 3388 τε
805 3323 860 3387 καὶ
873 3326 1060 3407 Πραισίων,

53 3422 280 3508 ἀπικομένους
296 3423 402 3514 στόλμ
413 3423 546 3515 μεγάλῳ
558 3424 592 3500 ές
602 3427 769 3505 Σικανίην
783 3420 993 3570 πολιήδριχέειν
1004 3413 1059 3485 ἐπ’
1089 3392 1140 3616 1
