2378 3840
325 189 411 245 LIB.
444 187 491 244 IX
527 184 627 244 cAP.
661 189 750 244 31-
759 190 803 244 35
1002 179 1064 242 305

55 346 205 439 ἡγεμόνα
221 353 290 416 τῶν
306 347 471 432 πολέμων.
503 369 521 410 ο
508 340 576 411 ’δέ
591 339 701 430 ὁρέων
714 343 790 428 περὶ
804 347 932 410 πολλοῦ
946 366 1064 410 ποιευ-

56 449 179 537 μένους
198 445 412 533 Σπαρτιήτας
433 448 534 530 φίλον
559 438 664 510 αὐτὸν
685 443 915 527 προσθέσθαι,
941 439 1064 528 μαθιίν

56 553 154 614 τοῦτο
169 541 319 629 ἀνετίμα,
335 546 509 628 σημαίνων
523 559 595 626 σφι,
612 536 657 616 ὡς
671 535 715 624 ήν
729 563 789 624 μιν
802 538 965 626 πολιήτην
979 544 1063 626 σφέ-

56 667 154 728 τερον
177 639 383 728 ποιήσωνται
408 663 477 706 των
497 638 637 706 πάντων
657 635 904 722 μεταίιίοντες,
933 637 1063 725 ποιήσει

56 749 170 826 ταῦτα,
189 737 240 808 ἐπ’
259 738 348 831 άλλη]
365 735 521 830 μισθῷεί
535 764 586 806 ου.
609 740 1064 826 Σπαρτιήταιθὲπρῶταμέν

57 837 262 916 ἀκούσαντες
274 834 369 905 δεινά
384 839 559 905 ἐποιεῦντο
575 838 630 905 καί
641 843 795 924 μετίεσαν
806 844 863 924 τῆς
872 838 1064 927 χρησμοσύ-

56 962 117 1021 νης
130 931 168 1002 τό
183 934 362 1022 παράπαν,
382 938 477 1012 τέλος
492 934 529 1001 δέ
549 937 702 1020 δείματος
722 933 871 1021 μεγάλου
885 938 1064 1024 ἐπικρεμα-

56 1037 162 1121 μένου
172 1039 234 1102 τοῦ
241 1039 411 1120 Περσικοῦ
421 1031 795 1121 τοάτουστρατεάματος
805 1040 981 1103 καταίνεον
991 1060 1063 1121 μετ-

57 1136 174 1214 ιόντες.
203 1131 221 1202 ὁ
245 1139 281 1203 δέ
300 1132 406 1222 γνούς
425 1139 670 1222 τετραμμένους
690 1134 793 1220 σφέας
813 1131 887 1206 οὐδ’
906 1132 995 1202 οὕτω
1016 1137 1063 1200 ἔτι

59 1240 122 1319 ἔφη
137 1229 318 1318 ἀρκέεσθαι
332 1233 480 1301 τούτοισι
495 1231 669 1318 μούνοισι,
685 1228 768 1300 ἀλλὰ
780 1233 869 1299 θέειν
880 1237 927 1301 έτι
939 1234 994 1300 καί
1003 1227 1064 1299 τὸν

57 1329 224 1417 ἀδελφεὰν
239 1334 367 1399 ἑωυτοῦ
377 1329 496 1417 Ἡγίην
509 1336 665 1416 γίνεσθαι
677 1329 894 1416 Σπαρτιήτην
912 1331 965 1401 έπὶ
979 1342 1064 1398 τοῖσι

57 1426 186 1497 αὐτοίσι
197 1428 326 1514 λόγοισι
340 1434 425 1497 τοῖσι
438 1431 494 1497 καί
504 1425 604 1507 αὐτὸς
617 1435 752 1514 γίνεται.
779 1434 891 1497 Ταῦτα
905 1429 942 1496 δέ
953 1429 1061 1514 λέγων
1076 1443 1108 1496 σε

57 1519 156 1606 οὗτος
167 1528 315 1614 ἐμιμέετο
326 1528 550 1615 Μελάμποδα,
563 1524 608 1606 ὡς
619 1527 759 1613 εἰκάσαι,
773 1534 952 1616 βασιληίην
962 1552 998 1595 τε
1008 1529 1062 1596 καί

58 1629 233 1710 πολιτηίην
248 1625 453 1712 αἰτεόμενον.
486 1628 541 1693 καί
561 1622 626 1710 γάρ
642 1622 683 1712 δή
699 1627 754 1693 καί
769 1626 980 1713 Μελάμπους
994 1633 1063 1695 τῶν

59 1725 96 1789 έν
108 1720 224 1808 ’Ἁργεῑ
235 1729 407 1807 γυναικῶν
422 1725 624 1808 μανεισέων,
648 1719 692 1801 ὥς
706 1749 766 1809 μιν
787 1728 820 1792 οί
836 1721 976 1812 Ἀργεῖοι
991 1725 1061 1809 έμε-

60 1826 208 1887 σθοῦντο
231 1821 267 1886 έιι
284 1819 403 1888 Πύλου
422 1827 549 1888 παῦσαι
570 1818 629 1898 τίς
643 1826 805 1907 σφετέρας
824 1835 987 1907 γυναῖκας
1006 1828 1063 1909 τῆς

59 1916 199 2002 νούσου,
214 1915 342 2003 μισθὸν
352 1924 561 2005 προετείνετο
571 1924 630 2004 τῆς
640 1924 812 2005 βασιληίης
822 1916 859 1987 τὸ
870 1917 984 2007 ήμισν.
1001 1917 1064 1990 οὐκ

60 2011 297 2099 ἀνασχομένων
314 2014 351 2082 δὲ
363 2021 431 2083 τῶν
443 2013 610 2101 Ἀργείων,
628 2011 703 2084 ἀλλ’
718 2012 899 2102 ἀπιόντων,
915 2015 960 2097 ὡς
970 2021 1063 2104 έμαί-

37 2130 155 2178 ’νοντο
186 2115 329 2190 πλεῦνες
359 2116 427 2179 τῶν
456 2115 646 2199 γυναικῶν,
676 2112 766 2182 οὕτω
793 2112 835 2200 δή
865 2111 1070 2193 ὑποστάντες

55 2206 96 2277 τά
119 2203 136 2279 ὁ
152 2210 362 2298 Μελάμπους
377 2214 585 2301 προετείνετο
602 2211 704 2300 ἤϊσαν
721 2213 887 2294 δώσοντές
906 2219 941 2282 οί
956 2219 1068 2281 ταῦτα.

56 2303 73 2376 ὁ
101 2307 139 2376 δέ
163 2312 312 2378 ἐνθαῦτα
336 2310 378 2399 δή
404 2312 594 2400 ἐπορέγεται
619 2311 728 2403 ὁρέων
745 2311 870 2394 αὐτοῦς
888 2313 1066 2403 τετραμμέ-

63 2431 162 2492 νους,
184 2403 267 2492 φὰς,
288 2403 396 2495 ήυμή
417 2413 473 2478 καί
489 2417 535 2503 τῷ
555 2407 707 2501 ἀδελφεῷ
721 2416 838 2479 Βίαντι
852 2415 1017 2497 μεταδῶσι
1030 2409 1066 2479 τὸ

63 2505 279 2593 τριτημόριον
289 2513 346 2593 τῆς
356 2514 545 2596 βασιληίης,
560 2507 604 2578 οὐ
614 2509 768 2596 ποιήσειν
777 2505 818 2576 τά
828 2508 1018 2597 βούλονται,
1036 2513 1070 2578 οί

44 2692 47 2696 Ι
65 2603 100 2670 δὲ
112 2599 253 2688 Ἀργεῖοι
264 2600 502 2691 ἀπειληθέντες
512 2607 545 2685 ές
556 2603 691 2674 στεινὸν
701 2610 912 2675 καταινέουσι
923 2610 977 2676 καί
987 2614 1068 2676 ταῦ-

63 2727 113 2767 τα.
130 2694 190 2777 Ὦς
204 2697 240 2766 δέ
254 2701 310 2766 καί
323 2709 547 2790 Σπαρτιῆται,
568 2705 699 2772 ἐδέοντο
713 2700 778 2790 γὰρ
800 2709 917 2784 δεινῶς
930 2712 992 2774 τοῦ
1009 2712 1067 2774 Τι’
1083 2725 1115 2780 35

63 2803 228 2884 σαμενοῦ,
246 2796 355 2866 πάντα
370 2800 582 2888 συνεχώρεόν
597 2805 638 2870 ολ.
661 2802 951 2890 συγχωρησάντων
965 2804 1003 2873 δέ
1013 2806 1068 2872 καί

63 2903 167 2966 ταῦτα
184 2903 252 2966 τάν
266 2905 523 2988 Σπαρτιητέων,
544 2899 633 2971 οὕτω
654 2900 695 2990 δή
711 2906 809 2971 πέντε
826 2923 887 2990 σφι
902 2902 1068 2990 μαντευό-

64 3019 163 3079 μενος
176 2990 309 3080 ἀγῶνας
323 2993 401 3074 τούς
412 3002 588 3083 μεγίστους
602 2992 815 3084 Τισαμενόςὸ
828 2994 953 3076 Ἠλεῖος
968 2994 1068 3084 γενό-

65 3118 164 3180 μενος
179 3094 390 3183 Σπαρτιήτης
407 3099 656 3183 συγκαταιρέει.“
677 3103 799 3184 μοῦνοι
821 3099 857 3164 δέ
872 3093 913 3183 δή
930 3096 1067 3166 πάντων

65 3188 259 3273 ἀνθρώπων
274 3194 428 3280 ἐγένοντο
445 3187 539 3262 οὗτοι
552 3193 781 3282 Σπαρτιήτησι
798 3198 960 3280 πολιῆται
985 3199 1019 3264 οί
1003 3194 1063 3264 ίιίί

64 3282 196 3355 πέντε’
178 3293 304 3372 αγῶνες
319 3294 390 3360 οἵδε
409 3294 582 3379 έγένοντο·
611 3287 657 3372 εἷς
672 3291 734 3379 μέν
754 3295 809 3360 καί
825 3316 954 3380 πρωτος
969 3284 1065 3373 οὗτος

65 3411 83 3453 ο
70 3383 136 3453 ’έν
148 3391 351 3475 Πλαταιῇσι,
367 3391 470 3459 έπλέ
434 3387 499 3459 δέ’
485 3417 503 3458 ο
519 3392 557 3459 έν
571 3393 674 3479 Τεγέη
688 3387 772 3478 πρὸς
785 3389 948 3475 Τεγεήτας
962 3415 997 3456 τε
1011 3391 1068 3455 καὶ

148 3480 292 3536 annom]
