2378 3840
145 177 211 244 192
524 182 777 242 HERODOTI

146 342 238 436 ἀλλην
258 344 294 413 δὲ
311 343 505 430 παρήσομεν
526 338 639 410 οάδενλ
661 343 867 429 ναυαρχέειν.
894 339 1002 426 μάτην
1022 335 1089 425 γδρ
1109 336 1154 408 ἀν

148 432 1153 526 ὦδεπάραλονἙλλήνωνστρατδνπλείστονείημενκεκτημέ-

138 565 213 625 7νοι,
229 545 259 607 εί
265 543 506 626 Συρηκοσίοισι
518 537 629 616 έόντες
639 534 813 624 Ἀθηναῖοι
824 535 1086 624 συγχωρήσομεν
1096 541 1154 622 τῆς

147 635 345 725 ἡγεμονίης,
360 634 579 725 ἀρχαιότατον
596 637 658 723 μέν
672 643 773 715 έθνος
784 634 1016 722 παρεχόμενοι,
1031 642 1153 721 μοῦνοι

147 738 185 806 δέ
206 736 317 814 έόντες
334 732 376 804 οὑ
396 735 597 822 μετανάσται
612 733 798 822 Ἑλλήνων,
819 739 888 801 τόν
901 735 955 801 καὶ
968 731 1113 820 Ὅμηρος
1134 730 1152 802 ὁ

148 831 305 913 έποποιὺς
319 831 426 919 ἀνδρα
438 832 577 921 ἀριστον
592 839 694 919 ἔφησε
705 836 738 912 ές
747 831 849 902 Ἴλιον
862 831 1042 901 ἀπικέσθαι
1057 832 1153 911 τάξαι

138 955 174 997 τε
196 929 253 997 καὶ
271 932 488 1016 διακοσμῆσαι
512 927 666 1019 στρατόν.
699 924 788 997 οὑτω
812 926 877 996 οόκ
894 927 1025 1008 ὄνειδος
1049 924 1153 997 οὐδὲν

72 1045 122 1100 162
135 1027 216 1117 ήμίν
231 1029 299 1096 ἐστὶ
317 1028 426 1114 λέγειν
439 1033 554 1097 ταῦτα.
579 1025 746 1116 Ἀμείβετο
760 1028 876 1098 Γέλων
890 1035 1029 1099 τοιοίδε·
1052 1034 1153 1108 Ξείνε

135 1126 308 1212 Ἀθηναῖε,
326 1126 421 1212 ὑμείς
437 1137 548 1196 οίκατε
564 1131 643 1206 τοὺς
654 1127 716 1213 μὲν
727 1124 888 1210 ἀρχουτας
902 1130 999 1212 ἔχειν,
1014 1122 1094 1202 τοὺς
1106 1123 1142 1190 δὲ

50 1298 62 1315 ·
138 1220 344 1310 ἀρξομένους
359 1221 422 1292 οὑκ
436 1226 531 1304 ἕξειν.
560 1227 629 1293 ἐπεὶ
642 1231 760 1293 τοίνυν
774 1221 875 1293 οὐδὲν
889 1220 1041 1301 ὑπιέντες
1055 1226 1141 1306 ἔχειν

136 1317 176 1388 τδ
198 1326 267 1387 πάν
287 1323 435 1410 έθέλετε,
457 1321 520 1390 οὐκ
540 1319 584 1390 ἀν
599 1323 764 1409 φθάνοιτε
783 1319 846 1408 τήν
860 1326 1015 1406 ταχίστην
1034 1314 1142 1388 ὀπίσω

137 1416 428 1504 ἀπαλλασσόμενοι
442 1421 497 1488 καί
511 1417 726 1505 ἀγγέλλοντες
742 1416 940 1509 τήἙλλάδι,
962 1416 1013 1486 ὅτι
1028 1420 1065 1486 ἐκ
1080 1423 1140 1485 τοὺ

138 1517 295 1583 ένιαυτοὺ
306 1513 343 1582 τό
357 1522 415 1602 ἔαρ
428 1514 511 1607 αὐτῇ
523 1521 738 1605 ἐξαραίρηται.
746 1509 865 1598 [Οὗτος
877 1517 912 1584 δὲ
923 1513 941 1585 ὁ
953 1514 1032 1594 νόος
1042 1520 1141 1583 τοὺδε

137 1620 199 1681 τοῦ
213 1611 374 1700 ῥήματος,
388 1613 426 1682 τό
442 1618 551 1684 έθέλει
565 1620 692 1701 λέγειν*
714 1618 798 1701 δήλα
809 1610 885 1700 γάρ,
901 1610 945 1691 ὡς
961 1617 1056 1703 ἐντῷ
1072 1615 1141 1680 ένι-

137 1717 228 1800 αυτῷ
249 1710 316 1778 ἐστὶ
338 1708 376 1778 τδ
398 1717 456 1799 έαρ
479 1714 724 1800 δοκιμώτατον,
752 1717 811 1797 τής
831 1710 867 1778 δὲ
888 1717 955 1777 τῶν
974 1709 1141 1797 Ἑλλήνων

136 1812 291 1894 στρατιῆς
310 1804 373 1894 τήν
394 1811 520 1878 ἑαυτοῦ
536 1810 702 1898 στρατιήν.
735 1811 994 1896 στερισκομένην
1015 1801 1064 1876 οἷν
1079 1807 1138 1896 τήν

132 1902 274 1973 Ἑλλάδα
287 1912 346 1993 τής
360 1908 487 1975 ἑωυτοῦ
499 1912 683 1992 συμμαχίης
694 1911 800 1987 είκαζε
815 1903 860 1984 ὡς
875 1911 906 1974 εί
913 1903 950 1974 τό
962 1910 1021 1993 ἔαρ
1032 1908 1069 1974 έκ
1079 1913 1141 1974 τοῦ

135 2004 293 2069 ἐνιαυτοῦ
307 2005 567 2093 ἐξαραιρημένον
585 2014 644 2089 είη.

68 2112 120 2169 163
221 2104 265 2167 Οί
279 2101 342 2186 μὲν
364 2100 404 2188 δή
421 2108 490 2169 τῶν
507 2100 676 2188 Ἑλλήνων
693 2099 828 2187 ἀγγελοι
848 2109 993 2169 τοσαῦτα
1013 2109 1060 2193 τῷ
1076 2107 1140 2172 Γέ-

133 2203 216 2264 λωνι
236 2200 518 2286 χρηματισάμενοι
539 2198 734 2286 ἀπέπλωον,
755 2203 870 2268 Γέλων
887 2200 923 2267 δέ
938 2197 1022 2285 πρός
1035 2208 1141 2269 ταῦτα

133 2295 244 2370 δείσας
258 2294 320 2379 μέν
335 2297 411 2382 περὶ
422 2296 664 2383 τοίσιἝλλησι,
682 2294 726 2383 μή
743 2294 785 2364 οὑ
799 2297 967 2365 δύνωνται
979 2294 1039 2364 τόν
1054 2295 1142 2384 βόρ-

132 2395 239 2475 βορον
254 2386 516 2479 ὑπερβαλέσθαι,
533 2393 648 2462 δεινόν
660 2393 696 2462 δδ
706 2396 762 2462 καὶ
773 2393 837 2462 οὐκ
849 2391 1033 2480 ἀνασχετόν
1041 2416 1141 2479 ποιη-

132 2485 277 2573 σάμενος
294 2485 406 2556 έλθιδν
426 2492 459 2568 ές
474 2493 736 2578 Πελοπόννησον
758 2490 919 2578 ἀρχεσθαι
943 2487 1011 2558 ὑπδ
1029 2497 1140 2557 Λακε-

133 2592 317 2673 δαιμονίων
332 2587 397 2657 έοδν
408 2598 564 2678 Σικελίης
574 2590 757 2678 τύραννος,
770 2589 897 2676 ταύτην
907 2594 973 2681 μὲν.
983 2587 1047 2677 τήν
1057 2587 1139 2660 ὑδδν

131 2683 321 2774 ήμέληοε,ὑ
337 2690 373 2755 δὲ
384 2685 485 2774 ἀλλης
500 2698 618 2773 είχετο·
646 2685 755 2756 έπείτε
769 2685 834 2776 γάρ
845 2687 980 2775 τάχιστα
992 2689 1135 2757 έπόθετο

131 2782 192 2852 τόν
205 2787 340 2871 Πέρσην
353 2787 573 2873 διαβεβηκότα
586 2784 647 2854 τὸν
655 2784 911 2873 Ἑλλήσποντον,
924 2787 1046 2872 πέμπει
1057 2808 1136 2853 πεν-

132 2886 359 2972 τηκοντέροισι
373 2887 460 2973 τρισὶ
477 2884 618 2971 Κάδμον
633 2884 693 2954 τόν
705 2888 853 2955 Σκύθεω
868 2883 976 2972 ἀνδρα
990 2892 1092 2976 Κῷον
1106 2887 1138 2963 ές

131 2980 301 3071 Δελφοὺς,
314 2988 429 3068 ἔχοντα
439 2982 588 3070 χρήματα
602 2983 709 3053 πολλὰ
721 2987 776 3053 καὶ
787 2991 920 3071 φιλίους
931 2983 1064 3070 λόγους,
1076 3009 1140 3050 κα-

131 3081 362 3169 ραδοκήσοντα
377 3079 439 3168 τήν
453 3081 562 3169 μάχην
576 3090 616 3172 τῇ
632 3088 799 3170 πεσέεται,
814 3087 869 3152 καὶ
882 3080 926 3171 ήν
940 3083 1003 3171 μέν
1018 3080 1037 3152 ὑ
1052 3083 1140 3172 βόρ-

131 3186 235 3267 βαρος
249 3184 344 3267 νικᾷ,
359 3180 399 3245 τά
414 3205 449 3247 τε
462 3180 613 3266 χρήματα
630 3178 720 3272 αὑτῷ
738 3180 870 3250 διδόναι
884 3182 939 3248 καλ
950 3186 1016 3268 γήν
1032 3206 1068 3248 τε
1083 3184 1140 3250 καί

131 3275 224 3363 ὑδωρ
239 3284 308 3344 τῶν
319 3275 411 3364 ἀρχει
423 3275 440 3344 δ
452 3282 577 3365 Γέλων,
592 3275 637 3367 ήν
654 3281 689 3350 δέ
705 3287 739 3350 οί
747 3280 913 3368 Ἕλληνες,
930 3275 1038 3349 ὀπίσω
1049 3277 1141 3350 ἀπό-

66 3387 113 3448 1⁶⁴
129 3400 211 3460 γειν.
242 3372 279 3442 ‘0
295 3379 331 3443 δέ
346 3377 483 3462 Κάδμος
500 3369 599 3457 οὑτος
618 3380 785 3469 πρότερον
802 3378 932 3448 τοότων
943 3381 1121 3467 Ικαραδεξά
