2378 3840
73 118 138 177 104
453 116 703 175 HERODOTI

72 272 615 365 νικέωνπαραδιδοίΠεισιστράτφ
631 269 925 363 ἀνακηρυχθῆναι,
949 281 1005 345 καί
1018 278 1076 367 τήν

74 378 171 459 νίκην
186 375 301 460 παρείς
314 372 422 463 τοότφ
436 376 583 458 κατῆλθε
594 373 647 438 ἐπί
656 368 696 439 τά
712 375 840 440 ἑαυτοῦ
853 372 1076 456 ὑπόσπονδος.
1091 416 1105 441 .

72 476 132 538 καί
149 497 207 556 μιν
227 466 433 555 άνελόμενον
452 474 527 556 τῇσι
549 464 668 556 αότήσι
688 471 818 538 ἵπποισι
838 468 945 560 άλλην
958 470 1078 560 Ὀλυμ-

71 566 176 634 πιάδα
191 571 351 654 κατέλαβε
364 563 553 634 άποθανείν
572 561 646 632 ὑπὸ.
661 572 730 634 τάν
742 571 987 655 Πεισιστράτου
1002 581 1077 642 παί-

72 670 143 732 δων
163 662 274 732 οὐκέτι
290 662 483 750 περιεόντος
503 658 882 786 αἰτοῦ-Πεισιστράτου·
909 676 1078 739 κτείνουσι

72 760 109 828 δέ
123 753 220 828 οὗτοί
230 786 289 847 μιν
303 757 387 827 κατά
400 755 438 827 τδ
450 759 670 879 πρυτανήιον
669 758 792 840 νυκτὸς
805 760 1038 847 &assumed
1016 795 1077 836 αν-

71 863 161 943 δρας.
182 861 344 926 τέθαπται
355 858 391 924 66
401 861 520 943 Κίμων
531 880 596 944 προ
609 864 670 925 τοῦ
686 855 817 944 ἄστεος,
833 866 991 952 πέρην
950 892 1010 954 της
1021 864 1076 934 δια

72 963 195 1041 Κοίλης
214 957 416 1041 καλεομένης
432 952 532 1041 ὁδοῦ,
554 962 732 1024 καταντίον
752 955 785 1025 δ’
804 958 909 1032 αὐτου
897 968 962 1034 αί
979 968 1078 1034 ἵπποι

69 1045 361 1138 τεθάφαταιαῦται
371 1056 409 1120 αί
416 1065 503 1138 τρεῖς
511 1049 732 1138 Ὀλυμπιάδας
742 1051 950 1144 άνελόμεναι.
962 1064 1040 1130 ἐποί
1025 1069 1078 1148 ίη-

71 1171 136 1219 σαν
151 1153 187 1220 δὲ
201 1155 256 1220 καὶ
271 1149 368 1220 άλλαι
382 1152 479 1219 ἵπποι
495 1148 559 1238 ήδη
574 1147 681 1219 τόυτδ
696 1159 795 1222 τοῦτο
812 1153 994 1247 Εὐαγόρεω
1004 1161 1074 1229 Λά

71 1278 195 1338 κωνος,
210 1251 299 1320 πλέω
311 1254 348 1318 δὲ
358 1274 489 1318 τουτων
506 1247 658 1336 οὐδαμαί.
674 1247 711 1319 0
725 1251 788 1339 μὲν
799 1251 841 1342 δή
851 1256 1077 1347 πρεσβύτερος

70 1357 138 1419 τάν
151 1356 213 1418 παλ
198 1354 281 1418 ίδων
296 1374 341 1439 τμ
327 1352 484 1433 Κίμωνι
494 1343 751 1435 Στησαγόρης
727 1375 772 1436 ην
786 1360 970 1437 τηνικαῦτα
983 1357 1074 1442 παρά

70 1455 116 1539 τῷ
130 1446 245 1537 πάτρφ
257 1445 428 1532 Μιλτιάδη
441 1443 648 1531 τρεφόμενος
663 1447 701 1512 ἐν
716 1472 757 1536 τη
742 1449 1019 1567 Χερσονήσῳ,ε
1004 1479 1023 1520 ο
1040 1456 1076 1520 δε

69 1545 232 1633 νεώτερος
245 1540 326 1631 παρ’
343 1540 433 1633 αότφ
419 1544 579 1627 Κίμωνι
589 1540 647 1611 ἐν’
643 1544 811 1633 Αθήνησι,
826 1572 976 1634 τουνομα
991 1554 1074 1636 ἐγων

69 1644 135 1715 άπδ
147 1653 208 1715 τοῦ
219 1647 369 1737 οίκιστέω
380 1650 438 1730 της
447 1641 666 1730 Χερσονήσου
673 1644 868 1714 Μιλτιάδεω
875 1650 1073 1736 Μιλτιάδης.

33 1761 54 1815 ιλ
70 1739 178 1824 Οότος
193 1740 234 1831 δή
250 1737 300 1811 όν
313 1744 388 1812 τότε
403 1739 621 1829 ὃΜιλτιάδης
635 1740 729 1830 ήκων
741 1745 778 1813 ἐκ
787 1751 845 1832 τής
855 1749 1073 1836 Χερσονήσου

69 1847 124 1914 καὶ
134 1838 347 1929 ἐκπεφευγὼς
358 1838 498 1908 διπλόον
509 1836 661 1907 θάνατον
668 1841 864 1929 ἐστρατήγεε
872 1842 1072 1932 Ἀθηναίων.

69 1943 137 2030 άμα
157 1947 219 2029 μὲν
239 1939 303 2029 γάρ
325 1945 360 2009 oc
377 1946 531 2018 Φοίνικες
551 1935 657 2007 αὐτόν
673 1945 708 2009 οί
725 1940 957 2023 ἐπιδιώξαντες
979 1945 1074 2032 μέχρι

68 2041 205 2129 Ἴμβρου
219 2041 296 2126 περὶ
310 2044 437 2106 πολλοῦ
452 2038 626 2106 ἐποιεῦντο
641 2046 757 2126 λαβεῖν
773 2043 878 2108 τεκαὶ
893 2037 1074 2128 ἀναγαγεῖν

69 2135 158 2225 παρά
173 2138 328 2225 βασιλέα,
343 2133 413 2221 ἅμα
427 2136 463 2202 δὲ
478 2133 668 2221 ἐκφυγόντα
681 2161 717 2203 τε
730 2136 870 2217 τοότους
885 2141 941 2207 καλ
953 2137 1087 2208 ἅτινά-ι

67 2261 171 2324 μενον
185 2236 219 2313 ἐς
233 2231 295 2320 τήν
309 2232 632 2317 ἑωιιτοῦ,-δοκέοντά
645 2258 681 2301 τε
692 2229 777 2300 είναι
787 2234 824 2301 ἐν
839 2242 985 2324 σωτηρίη
997 2233 1071 2323 ήδη,

66 2333 103 2404 τδ
122 2334 284 2402 ἐνθεῦτέν
285 2355 363 2450 μιγ
378 2333 412 2397 οί
427 2330 543 2416 ἐχθροί
561 2325 803 2416 ὑποδεξάμενοι
821 2333 876 2399 καί
890 2328 956 2400 ὑπδ
978 2338 1073 2401 δικα-

67 2432 205 2552 στήριον
215 2448 321 2496 αυτον
329 2451 511 2513 αγαγοντες
518 2427 657 2507 ἐδίωξαν
667 2430 915 2548 τνραννίδρς
875 2453 933 2514 της
940 2432 1072 2518 ἐνΧερ-

67 2532 208 2622 σονήσφ
222 2523 666 2613 άποφνγδνδδκαίτοότους
677 2523 859 2613 στρατηγός
871 2525 960 2596 οὕτω
970 2524 1072 2614 Ἀθη-

66 2635 172 2698 ναίων
186 2623 409 2711 άπεδέχθη,α
387 2621 568 2710 αίρεθελς
549 2621 615 2692 υπδ
631 2650 692 2692 του
677 2623 824 2711 δήμου.
887 2642 890 2649 ·

33 2748 50 2799 5
149 2728 215 2794 Καί
228 2746 343 2810 πρωτα
358 2721 421 2808 μέν
436 2721 548 2799 ἐόντες
564 2727 612 2790 ἐτι
626 2725 664 2790 ἐν
678 2728 726 2814 τῷ
743 2720 836 2790 άστεί
848 2726 883 2791 οί
895 2726 1071 2809 στρατηγοί

66 2820 300 2908 άποπέμπουσι
317 2821 350 2898 ἐς
369 2817 533 2906 Σπάρτην
557 2819 688 2908 κήρυκα
706 2825 945 2908 Φειδιππίδην,
969 2820 1071 2908 Ἀθη-

65 2936 163 2992 ναίον
177 2918 239 3006 μὲν
250 2915 368 3004 ἄνδρα,
384 2914 496 2994 άλλως
502 2912 779 3005 δδήμεροδρόμον
789 2943 825 2986 τε
834 2920 890 2987 καί
899 2943 1000 2987 τουτο
1010 2942 1070 3005 με·

63 3021 233 3090 λετέουτα
241 3045 288 3086 τοι
272 3012 402 3104 δη,ως
413 3040 514 3093 αυτος
523 3039 558 3082 τε
569 3020 661 3101 ἐλεγε
672 3012 978 3103 Φειδιππίδηςκαδ
974 3024 1071 3102 Αθη·

65 3126 190 3186 ναίοισι
210 3088 413 3235 ἀπήγγελλε,
437 3116 513 3202 περι
534 3140 570 3182 το
560 3111 783 3199 Παρθένιον
803 3106 905 3201 ουρος
925 3110 963 3181 τό
985 3110 1070 3202 υπδρ

69 3221 190 3304 Τεγέης
204 3212 312 3284 ὁΙΙάν
321 3219 518 3300 περιπίπτει.
540 3211 977 3299 δάσανταδδτοόνοματου
962 3219 1071 3282 Φει-
1093 3204 1097 3212 ’

64 3317 227 3382 διππίδιω
252 3311 312 3381 τόν
332 3320 431 3383 Πᾶνα
447 3311 655 3401 Ἀθηναίοισι
680 3318 835 3381 κελεῦσαι
860 3308 1069 3399 άπαγγελλαι,
