2378 3840
113 194 154 258 12
492 201 516 255 H
527 200 550 256 E
560 199 619 256 Rs)
631 199 653 254 D
666 199 688 255 0
699 199 722 254 Τ
733 201 745 253 l
1156 224 1159 295 ρ

111 357 256 445 Λήμνιοι
270 361 325 426 καὶ
340 358 540 443 ἐμαχέσαντο
556 348 596 424 εύ
611 358 667 424 καὶ
687 352 896 443 ἀμυνόμενοι
910 352 975 426 ἀνά
993 354 1115 442 χρόνον

111 453 351 541 ἐκακώθησαν,
366 467 451 520 τοῖσι
466 455 502 521 δὲ
513 459 684 538 περιεοῦσι
700 450 812 521 αὐτῶν
823 461 855 521 ολ
864 456 992 540 Πέρσαι
1006 453 1117 540 ὕπαρ·

111 578 172 637 χον
187 554 337 621 ἐπιστᾶσι
352 551 554 636 Λυκάρητον
574 547 634 617 τόν
650 556 868 635 Μαιανδρίου
881 557 943 618 τοῦ
958 548 1117 638 βασιλεύ-

112 668 232 728 σαντος
246 648 368 734 Σάμου
383 645 559 732 ἀδελφεόν.
587 639 686 724 οὗτος
701 645 719 714 ὁ
735 647 933 734 Λυκάρητος
952 645 1068 734 ἅρχων
1083 649 1117 714 ἐν

107 747 235 838 Λήμνῳ
266 753 414 838 τελευτᾷ.
451 741 513 786 ***
546 751 636 835 αἰτίη
667 748 706 817 δὲ
735 749 857 818 τούτου
887 747 963 835 ήδε·
994 749 1120 828 πάντας

107 846 367 936 ἠνδραποδίζετο
380 848 436 916 καὶ
449 849 701 938 κατεστρέφετο,
718 848 798 929 τούς
813 848 875 936 μὲν
889 856 1118 937 λιποστρατίης

108 949 164 1016 ἐπὶ
178 947 320 1028 Σκύθας
339 949 555 1036 αίτιεύμενος,
573 946 654 1028 τούς
671 948 710 1018 δέ
728 955 881 1018 σίνεσθαι
897 946 956 1016 τόν
970 955 1117 1037 Δαρείου

107 1044 251 1137 στρατόν
267 1045 414 1118 τόνάπό
433 1049 601 1118 Σκυθέων
619 1043 729 1118 ὀπίσω
746 1047 1037 1136 ἀποκομιζόμενον.

63 1170 99 1226 28
199 1143 308 1229 Οὗτος
329 1152 392 1236 μέν
412 1175 478 1216 νυν
498 1156 644 1217 τοσαῦτα
667 1147 865 1235 ἐξεργάσατο
881 1144 1117 1233 στρατηγήσας,

113 1246 195 1337 μετά
212 1249 249 1314 δὲ
261 1244 304 1315 ού
320 1245 447 1316 πολλόν
461 1247 586 1333 χρόνον
597 1244 709 1325 άνεσις
726 1254 841 1314 κακῶν
856 1237 917 1332 ήν,
933 1254 989 1313 καί
1002 1242 1117 1331 ἤρχετο

113 1344 150 1415 τό
172 1345 333 1428 δεύτερον
354 1347 391 1413 ἐκ
410 1345 529 1424 Νάξον
554 1370 590 1412 τε
611 1348 667 1413 καλ
687 1345 842 1431 Μιλήτου
853 1343 947 1413 Ἴωσι·
964 1349 1116 1429 γίνεσθαι

114 1449 210 1520 κακά.
241 1455 340 1517 τοῦτο
363 1445 511 1535 μὲνγὰρ
533 1445 682 1534 ἡΝάξος
702 1445 899 1534 εὐδαιμονίη
921 1450 990 1512 τῶν
1005 1441 1118 1528 νήσων

115 1547 298 1632 προέφερε,
319 1552 418 1612 τοῦτο
440 1543 476 1612 δέ
497 1540 580 1612 κατὰ
597 1540 659 1611 τόν
675 1541 781 1612 αὐτόν
794 1540 953 1631 χρόνονή
970 1549 1119 1628 Μίλητος

116 1643 202 1732 αὐτή
215 1670 250 1712 τε
272 1645 398 1728 έωντής
410 1643 553 1729 μάλιστα
573 1640 614 1731 δή
634 1643 709 1712 τότε
723 1639 916 1730 ἀκμάσασα,
938 1646 993 1711 καλ
1008 1639 1050 1729 δή
1067 1640 1118 1708 καλ

115 1753 174 1832 τής
184 1742 309 1827 Ἰωνίης
326 1734 370 1829 ήν
387 1742 578 1829 πρόσχημα,
593 1742 786 1828 κατύπερθε
800 1744 837 1810 δὲ
847 1741 977 1811 τούτων
990 1741 1044 1807 ἐπὶ
1059 1737 1118 1806 δύο

116 1839 235 1930 γευεάς
251 1838 387 1924 ἀνδρῶν
396 1839 590 1927 νονσήσασα
599 1843 632 1920 ἐς
641 1838 682 1908 τά
689 1842 832 1929 μάλιστα
847 1840 954 1925 στάσι,
970 1841 1065 1925 μέχρι
1080 1827 1118 1903 ού
1146 1836 1159 1927 J*

117 1967 176 2027 μιν
190 1939 315 2023 Πάριοι
326 1939 544 2026 κατήρτισαν·
563 1940 707 2016 τούτους
718 1936 781 2021 γάρ
794 1941 1054 2020 καταρτιστῆρας
1085 1933 1117 2000 ἐκ
1148 1934 1151 1939 ’

68 2049 104 2105 ²9
118 2036 256 2106 πάντων
266 2034 436 2124 Ἑλλήνων
451 2039 579 2105 εἵλοντο
597 2040 633 2104 οί
644 2032 817 2121 Μιλήσιοι.
850 2032 1071 2120 Πατήλλαξαυ
1088 2033 1119 2096 δέ

119 2155 223 2220 σφεας
244 2125 308 2200 άδε
331 2137 366 2203 οί
383 2133 524 2220 Πάριοι·
557 2130 602 2211 ὡς
627 2130 787 2201 ἀπίκοντο
815 2129 928 2200 αὐτῶν
949 2129 1071 2216 ἀνδρες
1092 2127 1120 2192 οἱ

119 2232 249 2318 ἀριστοι
272 2233 305 2311 ἐς
325 2229 387 2321 τήν
406 2240 561 2320 Μίλητον
589 2231 711 2319 ’ύρεον
728 2229 794 2319 γάρ
818 2231 860 2319 δή
881 2251 985 2317 σφεας
1005 2233 1119 2302 δεινός
1147 2258 1159 2307 ,ι

119 2333 449 2418 οἰκοφθορημένους·
472 2339 602 2419 ἔφασαν
615 2329 729 2400 αύτάν
742 2331 928 2418 βούλεσθαι
939 2333 1120 2409 διεξελθεῖν
1145 2320 1159 2393 J*

117 2427 312 2518 τήνχσόρην.
335 2438 509 2510 ποιεῦντες
519 2434 556 2499 δέ
569 2437 674 2499 ταῦτα
684 2433 740 2498 καὶ
751 2428 928 2508 διεξιόντες
938 2433 1053 2495 πᾶσαν
1063 2423 1120 2510 τήν
1142 2420 1159 2503 J

118 2533 307 2616 Μιλησίην,
336 2527 424 2608 ὅκως
445 2527 521 2601 τινά
549 2533 654 2598 ίδοιεν
682 2531 719 2596 ἐν
742 2524 942 2613 ἀνεστηκνίη
968 2531 1009 2612 τῇ
1034 2523 1121 2610 χάρη
1157 2554 1159 2603 i

120 2623 228 2713 ἀγρον
249 2618 288 2694 τό
308 2629 565 2715 ἐξεργασμένον,
587 2624 824 2712 ἀπεγράφοντο
847 2621 884 2691 τό
906 2621 1039 2708 οὔνομα
1064 2626 1121 2689 τοῦ

121 2723 288 2794 δεσπότεω
298 2723 486 2818 τοῦράγροῦ.
510 2727 757 2804 διεξελάσαντες
768 2725 805 2790 δέ
816 2728 928 2814 πᾶσαν
938 2717 1000 2808 τήν
1011 2720 1121 2806 χάρην
1140 2740 1159 2789 Ι’1

122 2826 177 2892 καὶ
192 2829 354 2901 σπανίους
375 2820 531 2909 εὑρόντες
548 2823 704 2908 τούτους,
729 2817 773 2898 όις
788 2821 923 2906 τάχιστα
937 2822 1122 2904 κατέβησαν

121 2922 155 3000 ἐς
166 2920 203 2989 τό
218 2919 313 3006 ἀστυ,
325 2918 424 3008 ἁλίην
435 2920 654 3006 ποιησάμενοι
666 2916 829 2998 ἀπέδεξαν
839 2916 979 2993 τούτους
990 2914 1055 3001 μὲν
1065 2909 1123 2997 τήν

121 3020 221 3088 πόλιν
237 3024 368 3107 νέμειν,
382 3025 451 3087 τῶν
468 3010 571 3103 εύρον
581 3017 660 3097 τούς
673 3014 799 3104 ἀγρούς
814 3008 854 3083 εὖ
864 3011 1124 3099 ἐξεργασμένους

124 3120 268 3186 ’δοκέειν
281 3116 346 3204 γάρ
365 3124 495 3203 ἔφασαν
514 3118 569 3184 καὶ
588 3123 657 3183 τῶν
672 3119 843 3200 δημοσίων
859 3111 948 3180 οὕτω
962 3109 1004 3196 δή
1021 3127 1124 3196 σφεας
1153 3132 1159 3151 ’-

122 3213 381 3301 ἐπιμελήσεσθαι
421 3212 533 3295 ὥσπερ
549 3221 618 3281 τῶν
634 3214 837 3298 σφετέρων,
857 3208 936 3288 τούς
950 3211 987 3276 δὲ
1002 3205 1125 3283 ἀλλους

122 3320 312 3400 Μιλησίους
328 3312 407 3393 τούς
428 3317 509 3399 πρὶν
521 3313 756 3393 στασιάζοντας
770 3309 900 3378 τούτων
917 3313 1038 3388 ἔταξαν
1055 3312 1126 3375 πεί·
1152 3336 1159 3425 η

74 3428 109 3482 30
125 3422 260 3480 θεσθαι.
305 3412 428 3494 Πάριοι
448 3415 510 3496 μέν
525 3437 591 3479 νυν
605 3409 694 3480 οὕτω
709 3415 898 3495 Μιλησίους
911 3406 1127 3488 κατήρτισαν,
