2378 3840
147 175 209 240 184
526 180 778 258 οεοοοοτι

143 337 228 423 μέγα
242 337 392 407 έσινέατο
407 334 533 425 ἀνδρας
553 349 641 422 τρείς
658 333 895 418 ἀπολέσαντες·
918 342 1156 429 νοστησάντων

143 438 182 504 δὲ
199 435 329 505 τούτων
345 438 378 515 ές
392 433 455 522 τήν
466 433 608 503 Ἐλλάδα
623 433 756 504 δοκέειν
773 442 836 523 ἔφη
851 433 1062 518 ἀκούσαντας
1075 438 1156 518 τοὺς

142 532 306 622 Ἕλληνας
316 533 357 602 τά
370 537 499 602 ἑωυτοῦ
512 534 690 622 πρήγματα
701 532 766 623 πρό
779 541 841 602 τοῦ
853 535 976 604 στόλου
987 543 1049 604 τοῦ
1060 562 1157 624 γινο-

142 632 250 721 μένου
264 633 479 721 παραδώσειν
493 631 600 718 σφέας
615 629 678 719 τήν
693 636 783 720 ίδίην
797 636 1007 721 ἐλευθερίην,
1022 636 1077 702 καὶ
1092 632 1156 702 οά-

142 759 189 801 τω
204 731 283 801 οὐδὲ
298 733 433 820 δεήσειν
447 727 501 800 ἐπ’
518 728 644 812 αὐτοὺς
660 731 962 821 στρατηλατέοντας
975 734 1154 821 πρήγματα

142 835 239 917 ἔχειν.
263 829 385 899 οἶκεδέ
369 826 506 898 έαάτοῦ
520 827 605 916 αὕτη
620 827 771 917 ήγνώμη
789 833 869 918 τήδε
886 829 987 920 άλλη·
1011 827 1128 899 έοιν
1088 855 1153 916 γαρ

141 931 180 997 ἐν
190 927 352 1020 Ἇβόδφ’
335 955 353 997 ο
369 928 494 1049 ,Ξέρξης
510 927 575 996 είδε
588 937 688 997 πλοία
704 931 741 997 ἐκ
756 952 818 997 τον
804 926 969 997 Πόντον
984 918 1153 1016 σιταγωγά

142 1025 420 1095 διεκπλώοντα
386 1053 447 1095 τον
456 1025 713 1115 Ἑλλήσποντον,
729 1033 762 1107 ές
776 1052 811 1095 τε
821 1035 968 1114 Αίγιναν
978 1031 1033 1095 καὶ
1043 1035 1150 1094 Πελο·

140 1124 316 1212 πόννησον
326 1127 536 1214 κομιζόμενα.
554 1151 572 1193 ο
573 1129 658 1212 [μέν
670 1123 711 1212 δή
723 1125 885 1213 πάρεδροι
896 1123 1002 1194 αὐτοῦ
1012 1122 1057 1203 ώς
1069 1123 1154 1191 ε’πύ-

141 1235 248 1293 θοντο
263 1223 406 1312 πολέμια
422 1223 506 1292 εἶναι
520 1221 560 1292 τά
576 1232 693 1310 πλοῖα,
710 1227 832 1311 ἑτοῖμοι
846 1216 935 1312 ήσαν
949 1222 1075 1310 αἱρέειν
1089 1220 1153 1289 αὐ-

141 1320 199 1408 τὰ,
225 1321 441 1409 ἐσβλέποντες
457 1325 491 1402 ές
506 1319 567 1390 τόν
591 1321 732 1407 βασιλέα
753 1321 857 1392 ὁκότε
874 1323 1111 1411 παραγγελέει,
1133 1315 1152 1388 ὁ

142 1421 314 1508 δέΞέρξης
329 1432 434 1506 είρετο
451 1420 591 1509 αὐτοδς,
606 1421 681 1491 ὅκοι
692 1422 854 1490 πλώοιεν·
877 1428 911 1490 οἱ
925 1426 961 1491 δέ
973 1420 1084 1490 εἶπαν·
1103 1419 1153 1498 Ἐς

140 1517 222 1599 τοάς
234 1520 316 1599 σούς
330 1528 526 1608 πολεμίους,
552 1515 579 1589 ώ
594 1519 756 1609 δέσποτα,
774 1536 868 1589 σῖτον
886 1519 1033 1609 ἄγοντες.
1062 1517 1099 1587 ‘0
1116 1520 1153 1585 δέ

142 1613 326 1703 ἀπολαβών
341 1622 421 1705 ἔφη·
452 1617 524 1687 Οὐκ
541 1611 589 1686 ών
611 1623 666 1687 καὶ
679 1617 773 1707 ἡμεῖς
788 1621 856 1689 έκεί
868 1619 1038 1708 πλώομεν,
1049 1622 1153 1686 ἔνθα·

121 1719 124 1724 ’
141 1723 205 1804 περ
220 1720 276 1785 καὶ
292 1711 404 1804 οὗτοι,
420 1725 508 1787 τοίσί
521 1746 556 1788 τε
572 1718 701 1788 ἀλλοισι
713 1721 927 1808 ἐξηρτυμένοι
939 1720 994 1788 καλ
1005 1723 1103 1807 σίτφς
1120 1722 1155 1784 τί

142 1822 224 1903 δῆτα
241 1813 413 1883 ἀδικέουσι
431 1809 525 1884 οὗτοι
541 1813 624 1903 ἡμίν
637 1824 724 1886 σιτία
739 1823 1035 1905 παρακομιῖοντεςς

228 1916 272 1981 Οί
291 1911 355 1999 μέν
381 1940 448 1981 νυν
472 1915 677 1982 κατάσκοποι
697 1913 787 1983 οὕτω
809 1914 1024 2002 θηησάμενοί
1039 1939 1075 1980 τε
1097 1913 1153 1978 καὶ

70 2028 125 2085 148
141 2010 421 2134 ἀποπεμφθέντες
436 2014 620 2100 ἐνόστησαν
631 2018 664 2095 ές
674 2012 736 2102 τήν
746 2012 928 2134 Εὐρώπην,
946 2019 981 2082 oc
989 2014 1028 2082 δέ
1038 2034 1152 2081 συνω-

139 2109 238 2198 μόται
255 2108 424 2198 Ἐλληνών
445 2109 497 2179 ἐπὶ
512 2137 558 2202 τφ
543 2115 688 2202 Πέρση
702 2111 784 2200 μετὰ
798 2110 861 2200 τήν
875 2109 1070 2198 ἀπόπεμψιν
1083 2114 1152 2176 τών

141 2211 363 2279 κατασκόπων
378 2209 518 2297 δεύτερα
534 2178 683 2334 έπεμπον
698 2211 754 2292 ές”
744 2220 857 2300 Αργος
873 2209 1044 2334 ἀγγέλους
1074 2206 1152 2294 Ἀρ-

139 2326 224 2398 γείοι
240 2310 276 2378 δέ
290 2310 427 2396 λέγουσι
441 2307 481 2377 τά
498 2307 571 2379 κατ’
589 2308 735 2390 έοιυτοδς
754 2315 914 2397 γενέσθαι
931 2302 1011 2378 ώδε·
1039 2311 1151 2376 πυθέ-

140 2420 222 2478 σθαι
237 2407 302 2496 γάρ
318 2406 436 2476 αὐτίκα
451 2404 525 2476 κατ’
539 2405 643 2495 ἀρχάς
655 2433 696 2476 τα
684 2406 747 2476 έκ
761 2435 823 2477 τον
808 2406 1008 2496 βαρβάρου
1020 2404 1152 2491 έγειρό-

139 2534 225 2595 μενα
240 2503 342 2574 ἐπὶ
306 2532 368 2592 την
383 2501 540 2590 Ἑλλάδα,
560 2506 750 2592 πυθόμενοι
769 2507 806 2574 δέ
825 2509 880 2574 καὶ
896 2505 1081 2593 μαθόντες,
1104 2501 1150 2582 ώς

140 2625 245 2692 σφεας
257 2609 291 2672 oc
300 2601 456 2688 Ἕλληνες
466 2601 682 2691 πειρήσονται
692 2604 1010 2692 παραλαμβάνοντες
1025 2605 1079 2672 ἐπὶ
1088 2600 1150 2670 τδν

139 2709 292 2790 Πέρσην,
307 2703 433 2787 πέμψαι
444 2702 660 2789 θεοπρόπους
672 2698 948 2790 έςΛελφοός,τδν
961 2701 1048 2771 θεὸν
1059 2706 1147 2772 έπει·

139 2803 363 2890 ρησομένονς,
387 2797 431 2877 ώς
451 2817 511 2884 σφι
532 2802 644 2885 μέλλει
663 2800 801 2890 ἄριστον
817 2809 950 2872 ποιεῦσι
969 2805 1148 2889 γενέσθαι·

139 2899 257 2968 νεωστὶ
270 2894 333 2983 γάρ
346 2900 460 2982 σφέων
475 2898 639 2966 τεθνάναι
654 2903 890 2990 ἑξακισχιλίους
902 2899 969 2970 δπδ
982 2904 1151 2970 Λακεδαι-

138 3003 266 3086 μονίων
274 2998 328 3064 καὶ
336 2998 607 3081 Κλεομένεοςτοῦ
615 2993 962 3089 Ἆναξανδρίδεω,τών
970 2996 1010 3086 δή
1020 3001 1152 3066 εἵνεκεν

136 3099 287 3183 πέμπειν.
295 3094 533 3179 τὴνδδΠνθίην
541 3094 774 3185 έπειριοτέονσι
782 3093 912 3165 αὐτοῖσι
921 3092 1156 3163 ἀνελείντάδεε

177 3191 293 3279 Ἐχθρέ
308 3191 569 3280 περικτιόνεσσι,
586 3192 658 3283 φίλ’
677 3192 877 3265 ἀθανάτοισι
892 3204 1014 3280 θεοῖσι,

181 3301 272 3360 Ελσω
285 3290 345 3359 τόν
362 3289 568 3378 προβόλαιον
585 3300 669 3381 έχων
683 3296 939 3382 πεφυλαγμένος
952 3283 1026 3378 ήσο,

181 3391 247 3458 Καὶ
261 3384 411 3475 κεφαλήν
429 3387 617 3475 πεφύλαξο·
641 3393 727 3480 κάρη
744 3393 779 3462 δέ
794 3389 831 3462 τδ
848 3397 943 3477 σώμα
959 3387 1095 3457 σαώσει,
