2378 3840
131 175 174 241 72
394 216 396 220 ι
507 176 761 235 HERODOTI

132 336 388 427 ταριχεύσαντες
398 333 582 426 ἀνήνεικαν
592 329 683 422 παρά
694 335 832 422 βασιλέα
841 341 991 420 Δαρείου
1001 335 1035 415 ἐς
1045 340 1141 402 Σού-

135 457 187 513 σα.
229 444 375 522 Δαρεῖος
394 437 430 505 δὲ
452 435 647 522 πυθόμενος
667 438 771 501 ταῦτα
788 433 844 501 καί
865 431 1143 518 ἐπαιτιησάμενος

134 533 214 615 τούς
227 540 331 603 ταῦτα
346 533 551 622 ποιήσαντας
582 529 634 599 ότι
648 555 707 617 μιν
722 527 764 598 οὐ
781 528 907 610 ζώοντα
921 527 1094 617 ἀνήγαγον
1109 532 1143 607 ἐς

136 631 217 716 όψιν
230 629 294 721 τήν
309 634 454 719 ἑαυτοῦ,
468 628 532 718 τήν
546 626 698 717 κεφαλήν
711 623 940 715 τήνἸστιαίου
953 627 1143 706 λούσαντάς

135 754 171 800 τε
181 733 236 799 καί
246 735 514 817 περιστείλαντας
524 720 564 796 εὐ
575 728 757 795 ἐνετείλατο
768 722 879 806 θάψαι
891 721 935 804 ὡς
946 721 1071 808 ἀνδρὸς
1082 749 1143 810 με·-

136 826 247 915 γάλυς
264 829 376 920 ἐατπῷ
391 853 428 896 τε
447 828 503 896 καί
515 828 664 913 Πέρσησι
679 819 868 908 εὐεργέτεω.
915 819 964 890 Τά
987 823 1049 908 μὲν
1066 822 1142 903 περὶ

93 922 285 996 λΙἹστιυίνν
305 923 394 992 οὕτω
415 928 505 1011 ἔσχε,
526 920 544 992 ό
562 921 598 991 δὲ
617 916 776 998 ναυτικὸς
792 917 931 1008 στρατός
947 916 964 987 ό
983 921 1143 1003 Περσέων

135 1027 321 1110 χειμερίσας
336 1024 411 1106 περὶ
425 1027 580 1108 Μίλητον
593 1024 639 1109 τῷ
659 1020 803 1110 δευτέρην
818 1023 885 1087 ἐτει·
898 1013 942 1096 ὡς
958 1013 1141 1101 ἀνέπλωσε,

136 1123 239 1205 αἱρέει
249 1117 410 1199 εὐπετέως
419 1117 478 1198 τάς
492 1117 617 1207 νήσους
627 1114 686 1196 τάς
696 1113 780 1206 πρός
790 1123 831 1206 πή
840 1111 967 1207 ήπείρρν
977 1115 1141 1201 κειμένας,

26 1285 28 1288 ,
136 1226 221 1288 Χίον
234 1219 435 1303 καλζΛέσβον
456 1219 511 1286 καλ
529 1218 682 1284 Τένεδον.
709 1213 797 1294 ὅκως
812 1214 849 1283 δὲ
867 1215 965 1303 λάβοι
981 1211 1057 1282 τιυά
1074 1217 1143 1280 τών

137 1318 268 1405 νήσων,
290 1313 335 1394 ὡς
350 1314 492 1402 έκάστην
512 1317 680 1403 αἱρέοντες
701 1319 733 1383 οί
753 1313 920 1403 βάρβαροι
936 1313 1144 1401 ἐσαγήνευον

137 1412 216 1494 τούς
242 1410 456 1498 ἀνθρώπους.
489 1411 714 1500 σαγηνεύουσι
738 1412 775 1481 δὲ
799 1411 897 1483 τόνδε
915 1409 976 1481 τόν
1001 1412 1143 1500 τρόπον·

138 1510 224 1599 ἀνήρ
241 1508 365 1598 ἀνδρὸς
385 1506 557 1597 ἁψάμενος
573 1517 632 1596 τής
644 1506 755 1597 χειρός
769 1512 806 1578 ἐκ
820 1511 995 1598 θαλάσσης
1009 1517 1068 1598 τής
1085 1519 1140 1599 βο4

139 1615 234 1697 ρηίης
246 1609 298 1675 ἐπὶ
308 1605 371 1694 τήν
383 1613 500 1694 νοτίην
512 1607 677 1694 διήκουσι,
689 1610 744 1676 καὶ
757 1613 886 1677 ἔπειτεν
898 1606 954 1677 διά
969 1609 1078 1696 πάσης
1088 1614 1145 1694 τῆς

138 1706 246 1797 νήσου
259 1708 444 1793 διέρχονται
456 1705 699 1793 ἐκθηρεύοντες
709 1703 789 1787 τούς
799 1704 1014 1795 ἀνθρώπους.
1031 1710 1146 1794 αἵρεον

139 1806 176 1873 δὲ
193 1805 248 1872 καί
262 1801 321 1883 τάς
332 1807 369 1872 ἐν
380 1810 419 1893 τή
430 1800 558 1895 ήπείρφ
578 1797 677 1880 πόλις
705 1802 764 1882 τάς
774 1801 881 1883 Ἰάδας
895 1803 978 1873 κατά
992 1803 1032 1873 τά
1049 1801 1146 1888 αὐτά,

141 1897 231 1987 πλήν
247 1896 311 1968 οὐκ
327 1897 534 1986 ἐσαγήνευον
548 1897 628 1978 τούς
647 1895 869 1987 ἀνθρώπους·
899 1897 941 1968 οὐ
961 1898 1027 1989 γάρ
1044 1894 1100 1969 οίά
1115 1896 1144 1965 τ’

97 2021 131 2074 32
141 1991 194 2087 ήυ.
225 1995 393 2066 Ἐνθαύτα
402 2000 563 2085 Περσέων
577 2001 611 2064 οί
624 1999 801 2085 στρατηγοὶ
815 1995 878 2066 οὐκ
890 1999 1075 2082 ἐψεύσαντο
1089 1994 1146 2074 τάς

141 2093 296 2183 ἀπειλάς,
317 2093 376 2175 τάς
395 2100 620 2183 ἐπηπείλησαν
639 2108 725 2163 τοῖσι
734 2093 826 2164 Ἴωσι
843 2097 1147 2184 στρατοπεδευομέ·

141 2212 230 2264 νοισι
242 2196 377 2263 ἐναντία
387 2201 491 2282 σφίσι.
505 2191 550 2274 ὥς
560 2191 626 2279 γάρ
636 2190 677 2280 δή
690 2193 920 2280 ἐπεκράτησαν
930 2201 999 2262 τῶν
1009 2199 1147 2278 πολίων,

140 2294 263 2374 παλδάς
273 2320 309 2363 τε
317 2292 398 2375 τούς
409 2293 659 2374 εὐειδεστάτους
673 2295 887 2382 ἐκλεγόμενοι
901 2299 1080 2382 ἐξέταμνον
1094 2297 1149 2362 καλ

142 2399 278 2464 ἐποίευν
291 2389 437 2462 ἀντὶτού
452 2391 538 2461 εἶναι
563 2388 693 2480 ἐνόρχις
720 2389 920 2480 εὐνούχους,
942 2395 997 2462 καὶ
1017 2395 1149 2478 παρθέ-

141 2521 223 2575 νους
240 2491 299 2573 τὰς
321 2493 602 2572 καλλιστευούσας
626 2489 861 2571 ἀνασπάστους
881 2489 972 2579 παρά
993 2494 1148 2581 βασιλέα·

141 2591 246 2661 ταύτά
262 2616 298 2659 τε
314 2587 355 2676 δὴ
371 2592 522 2676 ἐποίευν,
544 2591 600 2657 καὶ
613 2585 673 2667 τάς
698 2586 794 2666 πόλις
820 2591 1069 2676 ἐνεπίμπρασαν
1087 2585 1151 2656 αὐ-

142 2702 228 2756 τοῖσι
243 2690 353 2774 ίροῖσι.
377 2685 467 2755 ούτα
481 2684 522 2772 δή
533 2682 570 2754 τό
581 2692 695 2773 τρίτον
704 2685 820 2765 Ἴωνες
834 2685 1150 2773 κατεδουλώθησαν,

143 2792 278 2872 πρώτου
288 2783 352 2872 μέν
362 2781 430 2852 ὐπὸ
440 2787 576 2870 Λυδών,
586 2786 636 2862 δὶς
647 2782 684 2851 δέ
694 2785 809 2871 ἐπεξῆς
818 2784 894 2854 τότε
904 2782 970 2853 ὑπὸ
978 2787 1149 2871 Περσέων.

90 2901 123 2954 33
221 2880 302 2952 ’Auo'
321 2882 359 2949 δέ
379 2879 506 2966 Ἰωνίης
524 2877 819 2969 ἀπαλλασσόμενος
837 2881 855 2951 ό
874 2880 1032 2961 ναυτικάς
1051 2902 1156 2968 στρα-

141 2982 199 3063 τός
211 2980 252 3051 τά
272 2978 324 3050 ἐπ’
344 2978 503 3070 ἀριστερά
523 2978 709 3049 ἐσπλώοντι
724 2985 787 3048 τού
800 2978 1049 3069 Ἑλλησπόντου
1064 2985 1156 3069 αἵρεε

141 3081 267 3151 πάντα·
290 3079 331 3148 τά
355 3079 421 3168 γάρ
440 3080 495 3148 ἐπὶ
518 3079 608 3162 δεξιοὶ
631 3078 765 3151 αὐτοίσι
785 3075 964 3170 ύποχείρια
987 3073 1032 3168 ἦν
1054 3106 1155 3167 γεγο-

142 3181 224 3251 νότα
248 3176 322 3250 κατ’
347 3176 496 3270 ἤπειρον.
537 3180 617 3252 Είσὶ
641 3180 679 3250 δὲ
697 3183 734 3250 ἐν
755 3184 801 3270 τῇ
818 3179 970 3270 Εὐρώπη
994 3185 1069 3250 αἵδε
1092 3184 1154 3249 τὀύ

138 3280 401 3370 Ἑλλησπόντου·
432 3278 645 3370 Χερσόνησός
667 3307 721 3369 τε,
752 3283 790 3351 ἐν
818 3286 862 3371 τῇ
891 3281 1004 3362 πόλιες
1032 3280 1155 3369 συχναί

144 3385 256 3470 ἐνεισι,
274 3381 331 3452 καὶ
349 3383 520 3472 Πέρινθος
538 3382 595 3450 καί
611 3380 652 3450 τά
669 3386 780 3470 τείχεα
795 3379 837 3450 τά
856 3382 914 3450 ἐπὶ
932 3389 1081 3471 Θρηίκης
1098 3380 1155 3450 καὶ
