2378 3840
326 195 411 251 LIB.
444 197 515 254 vlu.
549 198 649 256 cAP.
681 202 805 260 6-11.
1003 197 1065 261 229

62 377 123 438 μιν
137 348 318 420 ἀπικέσθαι
328 355 381 421 έπλ
391 351 429 420 τό
441 350 654 442 Ἀρτεμίσιον.
679 353 723 435 ὡς
736 359 773 425 δὲ
783 354 930 446 ἀπίκετο,
947 357 1065 430 αὐτίκα

62 448 207 538 ἐσήμηνε
219 463 304 519 τοῖσι
321 465 533 540 στρατηγοῖσι
547 452 610 541 τήν
628 478 665 521 τε
677 461 845 542 ναυηγίην
864 452 908 536 ὡς
921 459 1063 544 γένοιτο,

62 546 188 625 καὶτὰς
202 555 490 637 περιπεμφθείσας
500 557 569 619 τόν
582 557 670 620 νεῶν
680 555 756 642 περὶ
769 552 930 644 Εὔβοιαν.
954 563 1061 625 Τοῦτο
1076 578 1095 633 ς

15 668 18 674 ’
61 647 98 716 δέ
109 643 314 728 ἀκοόσαντες
324 647 520 737 οέἝλληνες
533 650 636 737 λόγον
647 660 742 739 σφίσι
753 650 883 723 αότολσι
896 657 1061 723 έόλόοσαν.

59 752 195 814 πολλῶν
210 745 248 813 δέ
268 746 458 832 λεηθέντοιν
477 749 571 817 ἐνίκα
586 747 650 836 τήν
669 746 797 838 ἡμέρην
811 752 944 839 εἰιείνην
958 749 1064 821 αὐτοῦ

60 842 240 931 μείναντάς
254 870 290 913 τε
305 847 360 914 καλ
375 842 613 935 αὐλισθέντας,
633 851 823 934 μετέπειτεν
837 850 944 918 νύκτα
958 851 1063 937 μέσην

60 948 225 1029 παρέντας
239 944 446 1030 πορεύεσθαι
461 948 516 1014 καὶ
536 942 690 1014 ἀπαντᾶν
705 953 780 1035 τήσι
791 946 1063 1036 περιπλωοόσησι

59 1048 127 1110 τῶν
141 1050 238 1111 νεῶν.
259 1042 341 1130 μετά
353 1043 390 1112 δὲ
399 1049 509 1132 τοῦτο,
525 1042 569 1123 ὡς
584 1041 693 1123 οάόείς
704 1063 765 1130 σφι
775 1045 933 1132 έπέπλαε,
949 1048 1062 1131 όεέλην

60 1137 161 1226 όνίηυ
180 1144 364 1229 γινομένην
382 1148 441 1227 τῆς
458 1139 583 1231 ἡμέρης
599 1140 808 1229 φυλάξαντες
827 1138 923 1210 αὐτοὶ
942 1144 1063 1211 έπανέ·

59 1246 173 1307 πλοιον
188 1241 241 1306 έπλ
256 1235 336 1320 τοός
355 1241 564 1329 βαρβάρους,
585 1237 772 1329 ἀπόπειραν
786 1237 900 1309 αὐτῶν
919 1239 1061 1327 ποιήσα-

59 1336 140 1405 σθαι
149 1335 351 1425 βουλόμενοι
360 1345 465 1426 τήςτε
474 1339 580 1426 μάχης
589 1342 714 1407 καὶτοῦ
723 1336 912 1407 διεκπλόου.
923 1337 1061 1424 Ὀρέον-
1074 1365 1109 1420 10

57 1461 111 1516 τες
130 1438 171 1504 δέ
187 1455 292 1521 σφεας
312 1438 349 1504 οἵ
365 1460 402 1505 τε
421 1434 515 1506 ἀλλοι
535 1445 732 1524 στρατιῶται
753 1443 789 1506 ολ
806 1440 933 1525 Ξέρξεω
954 1438 1010 1506 καὶ
1029 1439 1064 1505 ολ

57 1538 234 1622 στρατηγοὶ
244 1535 472 1616 έπιπλοόοντας
483 1540 582 1623 νηυσὶ
592 1534 733 1627 όλίγησι,
744 1536 856 1624 πάγχυ
866 1554 927 1622 σφι
937 1539 1061 1624 μανίην

60 1638 285 1715 ἐπενείκαντες
291 1633 419 1723 ἀνήγου
427 1635 482 1702 καὶ
489 1630 650 1715 αότολτάς
659 1638 746 1722 νέας,
754 1634 946 1714 ἐλπίσαντές
956 1651 1062 1720 σφεας

58 1721 220 1811 ε’ὖπετέως
231 1731 392 1820 αέρήσειν,
411 1730 525 1801 οἰκότα
540 1731 646 1819 κάρτα
657 1735 856 1812 ἐλπίσαντες.
879 1731 939 1811 τὰς
949 1735 1011 1820 μέν
1022 1756 1061 1818 γε

57 1838 125 1898 τῶν
133 1828 303 1920 Ἑλλήνων
314 1828 466 1918 ὁρέοντες
476 1827 590 1918 όλέγας
603 1833 696 1918 νέας,
711 1827 769 1910 τάς
779 1831 815 1899 δέ
827 1833 961 1899 ἑωυτῶν
974 1828 1060 1917 πλή-

57 1935 162 1999 θεΐτε
179 1935 426 2018 πολλαπλησίας
439 1932 496 1999 καὶ
515 1927 655 2016 ἀμεινον
674 1926 868 2018 πλωοόσας,
889 1952 1059 2016 καταφρο-

57 2027 218 2116 νήσαντες
233 2034 338 2098 ταάτα
358 2029 563 2099 έιινκλοῦντο
577 2023 701 2107 αότοάς
720 2028 879 2113 έςμέσον.
909 2024 982 2094 ὅσοι
998 2026 1060 2112 μέν

57 2152 122 2193 νυν
137 2130 205 2193 τῶν
220 2123 344 2194 Ἰόνιον
357 2119 446 2216 ἦσαν
460 2122 574 2202 εάνοοι
587 2139 672 2194 τοῖσι
680 2121 832 2213 Ἕλλησι,
856 2121 1009 2202 ἀέκοντές
1025 2148 1060 2191 τε

56 2225 312 2313 ε’στρατεόοντο,
330 2226 512 2314 συμφορήν
524 2249 560 2295 τε
573 2228 746 2294 έποιεόντο
760 2224 927 2312 μεγάλην,
942 2220 1060 2309 ὁρέον·

55 2348 110 2401 τες
123 2324 380 2410 περιεχομένους
390 2321 514 2403 αότοάς
525 2325 579 2392 καλ
591 2321 802 2411 ἐπιστάμενοι
816 2318 861 2401 άις
870 2320 982 2402 οὐδεὶς
995 2319 1059 2390 αό-

56 2428 124 2489 τοῑν
140 2418 378 2510 ἀπονοστήσει·
406 2420 495 2491 οὕτω
510 2419 656 2491 ἀσθενέα
669 2439 730 2508 σφι
748 2423 902 2508 έφαένετο
919 2417 1059 2491 εἶναιτὰ

56 2526 125 2587 τοῖν
134 2517 305 2608 Ἑλλήνων
317 2521 503 2609 πρήγματα.
524 2517 633 2589 όσοισι
648 2520 684 2587 δὲ
698 2521 753 2587 καὶ
762 2515 955 2606 ἡδομένοισι
968 2511 1011 2605 ήν
1021 2517 1059 2586 τό

56 2613 247 2702 γινόμενον,
259 2613 405 2701 ἅμιλλαν
415 2617 598 2703 έποιεῦντο,
612 2613 701 2694 ὅκως
710 2610 811 2694 αὐτὸς
820 2617 957 2696 ἕκαστος
967 2621 1061 2704 πρῶ-

54 2740 112 2794 τος
132 2716 192 2782 νέα
214 2710 365 2802 Ἀττικήν
386 2713 472 2785 ἑλόν
492 2720 584 2803 δῶρα
603 2712 694 2803 παρά
713 2718 866 2803 βασιλέος
884 2715 1057 2804 λάμψεται.

50 2812 242 2901 Ἀθηναίων
257 2808 324 2899 γάρ
338 2808 468 2883 αότοτσι
482 2813 582 2901 λόγος
594 2807 640 2900 ’ήν
654 2820 805 2894 πλεῖστος
821 2809 887 2881 ἀνά
901 2811 942 2882 τά
957 2833 1060 2901 στρα-

53 2913 187 2981 τόπεδα.
214 2918 307 2981 Τοῖσι
322 2910 359 2980 θλ
370 2909 506 3001 Ἕλλησι
521 2911 566 2994 ὡς
580 2911 740 3002 ἐσήμηνε,
761 2921 876 3000 πρῶτα
890 2913 952 2998 μὲν
965 2909 1057 2981 ἀντλ-
1073 2930 1108 2984 11

53 3033 183 3100 πρῳροι
195 3020 280 3078 τοῖσι
290 3011 491 3098 βαρβάροισι
502 3011 677 3100 γενόμενοι
691 3013 725 3091 ές
738 3009 775 3079 τό
786 3013 890 3098 μέσον
900 3008 959 3090 τάς
969 3010 1059 3096 πρό-

52 3131 140 3193 μνας
155 3106 359 3197 συνήγαγον,
378 3110 518 3198 όεότερα
534 3112 570 3180 δέ
580 3112 791 3200 σημήναντος
801 3117 904 3198 ἔργον
918 3119 1055 3197 εἴχοντο,

53 3203 92 3271 ἑν
107 3199 208 3296 ὀλίγῳ
225 3228 288 3293 περ
305 3201 584 3296 ἀπολαμφθέντες
596 3213 651 3278 καλ
665 3207 747 3278 κατά
764 3208 879 3295 στόμα.
907 3211 1056 3277 ένθαῦτα

53 3302 234 3390 τριήκοντα
247 3306 326 3384 νέας
338 3309 488 3395 αἱρέουσι
503 3307 768 3396 τῶνβαρβάρων
780 3309 835 3374 καλ
850 3301 910 3375 τόν
923 3305 1056 3394 Γόργον

54 3407 115 3468 τοῦ
129 3402 348 3489 Σαλαμινίων
363 3409 517 3493 βασιλέος
538 3402 705 3494 ἀδελφεόν
721 3403 874 3475 Φιλάονα
893 3399 953 3472 τόν
969 3410 1056 3492 Χέρ-
