<?xml version="1.0" encoding="UTF-8"?>
<!DOCTYPE html PUBLIC "-//W3C//DTD XHTML 1.0 Transitional//EN"
    "http://www.w3.org/TR/xhtml1/DTD/xhtml1-transitional.dtd">
<html xmlns="http://www.w3.org/1999/xhtml" xml:lang="en" lang="en">
 <head>
  <title>
</title>
<meta http-equiv="Content-Type" content="text/html;charset=utf-8" />
  <meta name='ocr-system' content='tesseract 3.04.00' />
  <meta name='ocr-capabilities' content='ocr_page ocr_carea ocr_par ocr_line ocrx_word'/>
</head>
<body>
  <div class='ocr_page' id='page_1' title='image "./herodotihistori01herogoog_0056.png"; bbox 0 0 2378 3840; ppageno 0'>
   <div class='ocr_carea' id='block_1_1' title="bbox 340 247 1074 314">
    <p class='ocr_par' dir='ltr' id='par_1_1' title="bbox 340 247 1074 314">
     <span class='ocr_line' id='line_1_1' title="bbox 340 247 1074 314; baseline -0.007 -2"><span class='ocrx_word' id='word_1_1' title='bbox 340 257 427 313; x_wconf 77' lang='grc' dir='ltr'><em>ΗΒ.</em></span> <span class='ocrx_word' id='word_1_2' title='bbox 458 257 494 311; x_wconf 89' lang='lat' dir='ltr'><em>V.</em></span> <span class='ocrx_word' id='word_1_3' title='bbox 527 256 627 312; x_wconf 85' lang='lat' dir='ltr'><strong>CAP.</strong></span> <span class='ocrx_word' id='word_1_4' title='bbox 660 255 801 314; x_wconf 72' lang='lat'><strong>72-77.</strong></span> <span class='ocrx_word' id='word_1_5' title='bbox 1033 247 1074 308; x_wconf 83' lang='lat'><em>35</em></span> 
     </span>
    </p>
   </div>
   <div class='ocr_carea' id='block_1_2' title="bbox 10 409 1124 1878">
    <p class='ocr_par' dir='ltr' id='par_1_2' title="bbox 10 409 1124 1878">
     <span class='ocr_line' id='line_1_2' title="bbox 70 409 1074 505; baseline -0.005 -22"><span class='ocrx_word' id='word_1_6' title='bbox 70 413 201 503; x_wconf 72' lang='grc' dir='ltr'><em>χώρους</em></span> <span class='ocrx_word' id='word_1_7' title='bbox 218 423 271 505; x_wconf 80' lang='grc' dir='ltr'><em>τῆς</em></span> <span class='ocrx_word' id='word_1_8' title='bbox 283 413 436 500; x_wconf 79' lang='grc' dir='ltr'><em>Ἀττικῆς.</em></span> <span class='ocrx_word' id='word_1_9' title='bbox 479 409 651 498; x_wconf 79' lang='grc' dir='ltr'><em>Ἀθηναῖοι</em></span> <span class='ocrx_word' id='word_1_10' title='bbox 668 409 721 497; x_wconf 72' lang='grc' dir='ltr'><em>δὲ,</em></span> <span class='ocrx_word' id='word_1_11' title='bbox 746 418 865 500; x_wconf 86' lang='grc' dir='ltr'><em>καίπερ</em></span> <span class='ocrx_word' id='word_1_12' title='bbox 891 409 1074 499; x_wconf 76' lang='grc' dir='ltr'><em>ἀμφιβολίῃ</em></span> 
     </span>
     <span class='ocr_line' id='line_1_3' title="bbox 71 509 1075 601; baseline -0.008 -19"><span class='ocrx_word' id='word_1_13' title='bbox 71 512 241 601; x_wconf 77' lang='grc' dir='ltr'><em>ἐχόμενοι,</em></span> <span class='ocrx_word' id='word_1_14' title='bbox 261 517 418 583; x_wconf 79' lang='grc' dir='ltr'><strong>Βοιωτῶν</strong></span> <span class='ocrx_word' id='word_1_15' title='bbox 434 509 496 596; x_wconf 74' lang='grc' dir='ltr'><em>μέν</em></span> <span class='ocrx_word' id='word_1_16' title='bbox 510 512 565 577; x_wconf 86' lang='grc' dir='ltr'><em>καί</em></span> <span class='ocrx_word' id='word_1_17' title='bbox 575 510 769 576; x_wconf 75' lang='grc' dir='ltr'><strong><em>Χαλκιδέων</em></strong></span> <span class='ocrx_word' id='word_1_18' title='bbox 784 509 964 595; x_wconf 77' lang='grc' dir='ltr'><strong><em>ἐσύστερον</em></strong></span> <span class='ocrx_word' id='word_1_19' title='bbox 979 512 1075 594; x_wconf 86' lang='grc' dir='ltr'><em>έμελ-</em></span> 
     </span>
     <span class='ocr_line' id='line_1_4' title="bbox 71 608 1075 700; baseline -0.006 -21"><span class='ocrx_word' id='word_1_20' title='bbox 71 620 132 680; x_wconf 92' lang='grc' dir='ltr'><em>λον</em></span> <span class='ocrx_word' id='word_1_21' title='bbox 151 611 287 700; x_wconf 79' lang='grc' dir='ltr'><em>μνήμην</em></span> <span class='ocrx_word' id='word_1_22' title='bbox 308 608 524 698; x_wconf 80' lang='grc' dir='ltr'><em>ποιήσεσθαι,</em></span> <span class='ocrx_word' id='word_1_23' title='bbox 547 614 848 694; x_wconf 87' lang='grc' dir='ltr'><em>Πελοποννησίοισι</em></span> <span class='ocrx_word' id='word_1_24' title='bbox 871 613 907 676; x_wconf 77' lang='grc' dir='ltr'><em>δὲ</em></span> <span class='ocrx_word' id='word_1_25' title='bbox 927 611 1018 676; x_wconf 86' lang='grc' dir='ltr'><em>έοῦσι</em></span> <span class='ocrx_word' id='word_1_26' title='bbox 1039 610 1075 675; x_wconf 91' lang='grc' dir='ltr'><em>έν</em></span> 
     </span>
     <span class='ocr_line' id='line_1_5' title="bbox 66 705 1124 778; baseline 0.003 -2"><span class='ocrx_word' id='word_1_27' title='bbox 66 706 230 778; x_wconf 77' lang='grc' dir='ltr'><em>Ἐλευσῖνι</em></span> <span class='ocrx_word' id='word_1_28' title='bbox 249 707 344 778; x_wconf 89' lang='grc' dir='ltr'><em>ἀντία</em></span> <span class='ocrx_word' id='word_1_29' title='bbox 367 714 486 776; x_wconf 82' lang='grc' dir='ltr'><em>ἔθεντο</em></span> <span class='ocrx_word' id='word_1_30' title='bbox 508 705 547 774; x_wconf 87' lang='grc' dir='ltr'><em>τά</em></span> <span class='ocrx_word' id='word_1_31' title='bbox 570 705 665 775; x_wconf 85' lang='grc' dir='ltr'><em>ὁπλα.</em></span> <span class='ocrx_word' id='word_1_32' title='bbox 707 708 914 776; x_wconf 87' lang='grc' dir='ltr'><em>Μελλόντων</em></span> <span class='ocrx_word' id='word_1_33' title='bbox 932 707 967 775; x_wconf 76' lang='grc' dir='ltr'><em>δὲ</em></span> <span class='ocrx_word' id='word_1_34' title='bbox 992 727 1075 774; x_wconf 88' lang='grc' dir='ltr'><em>συν·</em></span> <span class='ocrx_word' id='word_1_35' title='bbox 1090 723 1124 778; x_wconf 72' lang='grc'><em>76</em></span> 
     </span>
     <span class='ocr_line' id='line_1_6' title="bbox 71 804 1076 893; baseline -0.004 -17"><span class='ocrx_word' id='word_1_36' title='bbox 71 808 173 890; x_wconf 79' lang='grc' dir='ltr'><em>ἀψειν</em></span> <span class='ocrx_word' id='word_1_37' title='bbox 195 806 234 876; x_wconf 81' lang='grc' dir='ltr'><em>τοὶ</em></span> <span class='ocrx_word' id='word_1_38' title='bbox 255 806 461 893; x_wconf 89' lang='grc' dir='ltr'><em>στρατόπεδα</em></span> <span class='ocrx_word' id='word_1_39' title='bbox 484 808 517 884; x_wconf 84' lang='grc' dir='ltr'><em>ές</em></span> <span class='ocrx_word' id='word_1_40' title='bbox 538 804 647 892; x_wconf 80' lang='grc' dir='ltr'><em>μάχην</em></span> <span class='ocrx_word' id='word_1_41' title='bbox 672 812 848 892; x_wconf 87' lang='grc' dir='ltr'><em>Κορίνθιοι</em></span> <span class='ocrx_word' id='word_1_42' title='bbox 869 809 931 892; x_wconf 80' lang='grc' dir='ltr'><em>μὲν</em></span> <span class='ocrx_word' id='word_1_43' title='bbox 952 813 1076 892; x_wconf 77' lang='grc' dir='ltr'><em>πρῶτον</em></span> 
     </span>
     <span class='ocr_line' id='line_1_7' title="bbox 71 900 1075 992; baseline -0.003 -18"><span class='ocrx_word' id='word_1_44' title='bbox 71 911 168 992; x_wconf 83' lang='grc' dir='ltr'><em>σφίσι</em></span> <span class='ocrx_word' id='word_1_45' title='bbox 184 902 313 973; x_wconf 84' lang='grc' dir='ltr'><em>αῦτοίσι</em></span> <span class='ocrx_word' id='word_1_46' title='bbox 333 904 449 983; x_wconf 89' lang='grc' dir='ltr'><em>δόντες</em></span> <span class='ocrx_word' id='word_1_47' title='bbox 469 904 589 991; x_wconf 91' lang='grc' dir='ltr'><em>λόγον,</em></span> <span class='ocrx_word' id='word_1_48' title='bbox 613 900 657 982; x_wconf 84' lang='grc' dir='ltr'><em>ιὸς</em></span> <span class='ocrx_word' id='word_1_49' title='bbox 681 902 723 972; x_wconf 88' lang='grc' dir='ltr'><em>ού</em></span> <span class='ocrx_word' id='word_1_50' title='bbox 743 919 872 973; x_wconf 80' lang='grc' dir='ltr'><em>ποιοῖεν</em></span> <span class='ocrx_word' id='word_1_51' title='bbox 891 904 930 973; x_wconf 85' lang='grc' dir='ltr'><em>τά</em></span> <span class='ocrx_word' id='word_1_52' title='bbox 954 911 1075 990; x_wconf 87' lang='grc' dir='ltr'><em>δίκαια,</em></span> 
     </span>
     <span class='ocr_line' id='line_1_8' title="bbox 71 999 1077 1092; baseline -0.003 -21"><span class='ocrx_word' id='word_1_53' title='bbox 71 1002 316 1092; x_wconf 86' lang='grc' dir='ltr'><em>μετεβάλλοντό</em></span> <span class='ocrx_word' id='word_1_54' title='bbox 329 1028 365 1070; x_wconf 86' lang='grc' dir='ltr'><em>τε</em></span> <span class='ocrx_word' id='word_1_55' title='bbox 380 1004 434 1070; x_wconf 82' lang='grc' dir='ltr'><em>καί</em></span> <span class='ocrx_word' id='word_1_56' title='bbox 450 999 721 1088; x_wconf 89' lang='grc' dir='ltr'><em>ἀπαλλάσσοντο,</em></span> <span class='ocrx_word' id='word_1_57' title='bbox 736 999 817 1088; x_wconf 83' lang='grc' dir='ltr'><em>μετά</em></span> <span class='ocrx_word' id='word_1_58' title='bbox 830 1002 865 1070; x_wconf 76' lang='grc' dir='ltr'><em>δὲ</em></span> <span class='ocrx_word' id='word_1_59' title='bbox 877 1003 1077 1088; x_wconf 74' lang='grc' dir='ltr'><em>Δημάρητος</em></span> 
     </span>
     <span class='ocr_line' id='line_1_9' title="bbox 10 1093 1075 1193; baseline -0.003 -24"><span class='ocrx_word' id='word_1_60' title='bbox 10 1096 13 1101; x_wconf 58' lang='grc'><strong>’</strong></span> <span class='ocrx_word' id='word_1_61' title='bbox 72 1099 90 1169; x_wconf 91' lang='grc' dir='ltr'><em>ὁ</em></span> <span class='ocrx_word' id='word_1_62' title='bbox 115 1098 331 1190; x_wconf 76' lang='grc' dir='ltr'><em>Ἀρίστωνος,</em></span> <span class='ocrx_word' id='word_1_63' title='bbox 355 1097 425 1193; x_wconf 79' lang='grc' dir='ltr'><em>έδν</em></span> <span class='ocrx_word' id='word_1_64' title='bbox 445 1103 500 1168; x_wconf 84' lang='grc' dir='ltr'><em>καί</em></span> <span class='ocrx_word' id='word_1_65' title='bbox 524 1093 622 1178; x_wconf 85' lang='grc' dir='ltr'><em>ούτος</em></span> <span class='ocrx_word' id='word_1_66' title='bbox 649 1097 807 1188; x_wconf 86' lang='grc' dir='ltr'><em>βασιλεύς</em></span> <span class='ocrx_word' id='word_1_67' title='bbox 829 1102 1075 1187; x_wconf 80' lang='grc' dir='ltr'><em>Σπαρτιητέων,</em></span> 
     </span>
     <span class='ocr_line' id='line_1_10' title="bbox 72 1195 1074 1285; baseline -0.001 -20"><span class='ocrx_word' id='word_1_68' title='bbox 72 1201 128 1267; x_wconf 76' lang='grc' dir='ltr'><em>καὶ</em></span> <span class='ocrx_word' id='word_1_69' title='bbox 142 1198 381 1285; x_wconf 73' lang='grc' dir='ltr'><em>συνεξαγαγών</em></span> <span class='ocrx_word' id='word_1_70' title='bbox 397 1225 432 1266; x_wconf 89' lang='grc' dir='ltr'><em>τε</em></span> <span class='ocrx_word' id='word_1_71' title='bbox 449 1195 511 1284; x_wconf 83' lang='grc' dir='ltr'><em>τὴν</em></span> <span class='ocrx_word' id='word_1_72' title='bbox 527 1195 686 1285; x_wconf 73' lang='grc' dir='ltr'><em>στρατιὴν</em></span> <span class='ocrx_word' id='word_1_73' title='bbox 701 1200 737 1264; x_wconf 92' lang='grc' dir='ltr'><em>έκ</em></span> <span class='ocrx_word' id='word_1_74' title='bbox 754 1202 1001 1285; x_wconf 86' lang='grc' dir='ltr'><em>Λακεδαίμονος</em></span> <span class='ocrx_word' id='word_1_75' title='bbox 1022 1199 1074 1265; x_wconf 79' lang='grc' dir='ltr'><em>καὶ</em></span> 
     </span>
     <span class='ocr_line' id='line_1_11' title="bbox 10 1295 1074 1389; baseline -0.003 -24"><span class='ocrx_word' id='word_1_76' title='bbox 10 1322 13 1345; x_wconf 77' lang='lat'><em>²</em></span> <span class='ocrx_word' id='word_1_77' title='bbox 72 1295 136 1366; x_wconf 89' lang='grc' dir='ltr'><em>οῦκ</em></span> <span class='ocrx_word' id='word_1_78' title='bbox 151 1298 218 1367; x_wconf 81' lang='grc' dir='ltr'><em>έών</em></span> <span class='ocrx_word' id='word_1_79' title='bbox 234 1297 397 1384; x_wconf 88' lang='grc' dir='ltr'><em>διάφορος</em></span> <span class='ocrx_word' id='word_1_80' title='bbox 413 1300 449 1366; x_wconf 88' lang='grc' dir='ltr'><em>έν</em></span> <span class='ocrx_word' id='word_1_81' title='bbox 466 1305 512 1386; x_wconf 77' lang='grc' dir='ltr'><em>τῷ</em></span> <span class='ocrx_word' id='word_1_82' title='bbox 526 1298 659 1384; x_wconf 78' lang='grc' dir='ltr'><em>πρόσθε</em></span> <span class='ocrx_word' id='word_1_83' title='bbox 672 1297 781 1389; x_wconf 78' lang='grc' dir='ltr'><em>χρόνῳ</em></span> <span class='ocrx_word' id='word_1_84' title='bbox 800 1301 986 1382; x_wconf 77' lang='grc' dir='ltr'><em>Κλεομένεϊ.</em></span> <span class='ocrx_word' id='word_1_85' title='bbox 1010 1295 1074 1363; x_wconf 82' lang='grc' dir='ltr'><em>ἀπὸ</em></span> 
     </span>
     <span class='ocr_line' id='line_1_12' title="bbox 21 1392 1074 1489; baseline -0.003 -25"><span class='ocrx_word' id='word_1_86' title='bbox 21 1484 24 1489; x_wconf 28' lang='grc' dir='ltr'>Ι</span> <span class='ocrx_word' id='word_1_87' title='bbox 74 1395 108 1464; x_wconf 69' lang='grc' dir='ltr'><em>δέ</em></span> <span class='ocrx_word' id='word_1_88' title='bbox 128 1395 251 1482; x_wconf 78' lang='grc' dir='ltr'><em>ταύτης</em></span> <span class='ocrx_word' id='word_1_89' title='bbox 270 1403 328 1482; x_wconf 81' lang='grc' dir='ltr'><em>τῆς</em></span> <span class='ocrx_word' id='word_1_90' title='bbox 344 1400 550 1482; x_wconf 83' lang='grc' dir='ltr'><em>διχοστασίης</em></span> <span class='ocrx_word' id='word_1_91' title='bbox 567 1399 664 1482; x_wconf 80' lang='grc' dir='ltr'><em>ἐτέθη</em></span> <span class='ocrx_word' id='word_1_92' title='bbox 681 1397 783 1482; x_wconf 91' lang='grc' dir='ltr'><em>νόμος</em></span> <span class='ocrx_word' id='word_1_93' title='bbox 803 1399 839 1463; x_wconf 85' lang='grc' dir='ltr'><em>έν</em></span> <span class='ocrx_word' id='word_1_94' title='bbox 855 1398 1011 1484; x_wconf 83' lang='grc' dir='ltr'><em>Σπάρτη,</em></span> <span class='ocrx_word' id='word_1_95' title='bbox 1030 1392 1074 1482; x_wconf 76' lang='grc' dir='ltr'><em>μη</em></span> 
     </span>
     <span class='ocr_line' id='line_1_13' title="bbox 73 1495 1078 1618; baseline -0.005 -51"><span class='ocrx_word' id='word_1_96' title='bbox 73 1502 193 1580; x_wconf 81' lang='grc' dir='ltr'><em>ἐξεῖναι</em></span> <span class='ocrx_word' id='word_1_97' title='bbox 208 1499 349 1565; x_wconf 78' lang='grc' dir='ltr'><em>ἔπεσθαι</em></span> <span class='ocrx_word' id='word_1_98' title='bbox 364 1495 574 1618; x_wconf 79' lang='grc' dir='ltr'><em>ἀμφοτέρους</em></span> <span class='ocrx_word' id='word_1_99' title='bbox 590 1496 669 1577; x_wconf 84' lang='grc' dir='ltr'><em>τοῦς</em></span> <span class='ocrx_word' id='word_1_100' title='bbox 683 1499 838 1586; x_wconf 81' lang='grc' dir='ltr'><em>βασιλέας</em></span> <span class='ocrx_word' id='word_1_101' title='bbox 856 1495 1007 1583; x_wconf 81' lang='grc' dir='ltr'><em>ἐξιούσης</em></span> <span class='ocrx_word' id='word_1_102' title='bbox 1020 1501 1078 1580; x_wconf 85' lang='grc' dir='ltr'><em>τῆς</em></span> 
     </span>
     <span class='ocr_line' id='line_1_14' title="bbox 73 1593 1077 1720; baseline -0.002 -58"><span class='ocrx_word' id='word_1_103' title='bbox 73 1601 253 1684; x_wconf 84' lang='grc' dir='ltr'><em>στρατιῆς</em></span> <span class='ocrx_word' id='word_1_104' title='bbox 260 1599 341 1674; x_wconf 91' lang='grc' dir='ltr'><em>τέως</em></span> <span class='ocrx_word' id='word_1_105' title='bbox 354 1593 420 1720; x_wconf 82' lang='grc' dir='ltr'><em>γάρ</em></span> <span class='ocrx_word' id='word_1_106' title='bbox 438 1593 621 1683; x_wconf 83' lang='grc' dir='ltr'><em>ἀμφότεροι</em></span> <span class='ocrx_word' id='word_1_107' title='bbox 637 1599 784 1664; x_wconf 83' lang='grc' dir='ltr'><em>εἵποντο</em></span> <span class='ocrx_word' id='word_1_108' title='bbox 819 1598 1077 1684; x_wconf 76' lang='grc' dir='ltr'><em>παραλυομένου</em></span> 
     </span>
     <span class='ocr_line' id='line_1_15' title="bbox 74 1692 1077 1781; baseline -0.004 -19"><span class='ocrx_word' id='word_1_109' title='bbox 74 1695 110 1762; x_wconf 79' lang='grc' dir='ltr'><em>δέ</em></span> <span class='ocrx_word' id='word_1_110' title='bbox 125 1692 257 1762; x_wconf 90' lang='grc' dir='ltr'><em>τούτων</em></span> <span class='ocrx_word' id='word_1_111' title='bbox 271 1701 332 1761; x_wconf 90' lang='grc' dir='ltr'><em>τοῦ</em></span> <span class='ocrx_word' id='word_1_112' title='bbox 348 1696 462 1781; x_wconf 85' lang='grc' dir='ltr'><em>ἑτέρου</em></span> <span class='ocrx_word' id='word_1_113' title='bbox 477 1700 737 1762; x_wconf 82' lang='grc' dir='ltr'><em>καταλείπεσθαι</em></span> <span class='ocrx_word' id='word_1_114' title='bbox 753 1695 889 1762; x_wconf 80' lang='grc' dir='ltr'><em>καὶτῶν</em></span> <span class='ocrx_word' id='word_1_115' title='bbox 908 1697 1077 1778; x_wconf 88' lang='grc' dir='ltr'><em>Τυνδαρι-</em></span> 
     </span>
     <span class='ocr_line' id='line_1_16' title="bbox 74 1783 1077 1878; baseline 0.001 -21"><span class='ocrx_word' id='word_1_116' title='bbox 74 1789 210 1859; x_wconf 89' lang='grc' dir='ltr'><em>δέων</em></span> <span class='ocrx_word' id='word_1_117' title='bbox 174 1817 236 1859; x_wconf 89' lang='grc' dir='ltr'><em>τον</em></span> <span class='ocrx_word' id='word_1_118' title='bbox 256 1793 387 1877; x_wconf 81' lang='grc' dir='ltr'><em>ἕτερον·</em></span> <span class='ocrx_word' id='word_1_119' title='bbox 410 1788 474 1875; x_wconf 89' lang='grc' dir='ltr'><em>πρὸ</em></span> <span class='ocrx_word' id='word_1_120' title='bbox 497 1797 558 1858; x_wconf 89' lang='grc' dir='ltr'><em>τοῦ</em></span> <span class='ocrx_word' id='word_1_121' title='bbox 572 1789 637 1878; x_wconf 85' lang='grc' dir='ltr'><em>γάρ</em></span> <span class='ocrx_word' id='word_1_122' title='bbox 653 1787 693 1877; x_wconf 90' lang='grc' dir='ltr'><em>δη</em></span> <span class='ocrx_word' id='word_1_123' title='bbox 714 1795 769 1859; x_wconf 89' lang='grc' dir='ltr'><em>και</em></span> <span class='ocrx_word' id='word_1_124' title='bbox 784 1783 878 1859; x_wconf 83' lang='grc' dir='ltr'><em>οὗτοι</em></span> <span class='ocrx_word' id='word_1_125' title='bbox 894 1787 1077 1875; x_wconf 82' lang='grc' dir='ltr'><em>ἀμφότεροι</em></span> 
     </span>
    </p>
   </div>
   <div class='ocr_carea' id='block_1_3' title="bbox 10 1878 1125 2474">
    <p class='ocr_par' dir='ltr' id='par_1_3' title="bbox 10 1878 1077 1993">
     <span class='ocr_line' id='line_1_17' title="bbox 10 1878 1077 1993; baseline -0.002 -37"><span class='ocrx_word' id='word_1_126' title='bbox 10 1878 25 1993; x_wconf 52' lang='grc' dir='ltr'><em>η</em></span> <span class='ocrx_word' id='word_1_127' title='bbox 75 1891 244 1975; x_wconf 81' lang='grc' dir='ltr'><em>ἐπίκλητοί</em></span> <span class='ocrx_word' id='word_1_128' title='bbox 256 1908 317 1974; x_wconf 87' lang='grc' dir='ltr'><em>σφι</em></span> <span class='ocrx_word' id='word_1_129' title='bbox 339 1888 497 1969; x_wconf 81' lang='grc' dir='ltr'><em>έόντες”</em></span> <span class='ocrx_word' id='word_1_130' title='bbox 467 1913 610 1956; x_wconf 90' lang='grc' dir='ltr'><em>ειποντο.</em></span> <span class='ocrx_word' id='word_1_131' title='bbox 642 1889 716 1957; x_wconf 93' lang='grc' dir='ltr'><em>τότε</em></span> <span class='ocrx_word' id='word_1_132' title='bbox 736 1887 817 1975; x_wconf 81' lang='grc' dir='ltr'><em>δὴ’</em></span> <span class='ocrx_word' id='word_1_133' title='bbox 801 1913 837 1956; x_wconf 89' lang='grc' dir='ltr'><em>εν</em></span> <span class='ocrx_word' id='word_1_134' title='bbox 860 1897 899 1977; x_wconf 80' lang='grc' dir='ltr'><em>τῇ</em></span> <span class='ocrx_word' id='word_1_135' title='bbox 916 1887 1077 1957; x_wconf 77' lang='grc' dir='ltr'><em>Ἐλευσῖνι</em></span> 
     </span>
    </p>

    <p class='ocr_par' dir='ltr' id='par_1_4' title="bbox 10 1981 1076 2076">
     <span class='ocr_line' id='line_1_18' title="bbox 10 1981 1076 2076; baseline -0.001 -23"><span class='ocrx_word' id='word_1_136' title='bbox 10 1998 18 2059; x_wconf 78' lang='grc' dir='ltr'><em>ζ’,</em></span> <span class='ocrx_word' id='word_1_137' title='bbox 74 1981 226 2072; x_wconf 85' lang='grc' dir='ltr'><em>ὁρέοντες</em></span> <span class='ocrx_word' id='word_1_138' title='bbox 246 1989 281 2053; x_wconf 87' lang='grc' dir='ltr'><em>οί</em></span> <span class='ocrx_word' id='word_1_139' title='bbox 293 1990 402 2055; x_wconf 83' lang='grc' dir='ltr'><em>λοιποί</em></span> <span class='ocrx_word' id='word_1_140' title='bbox 416 1993 485 2055; x_wconf 76' lang='grc' dir='ltr'><em>τῶν</em></span> <span class='ocrx_word' id='word_1_141' title='bbox 500 1986 684 2074; x_wconf 88' lang='grc' dir='ltr'><em>συμμάχων</em></span> <span class='ocrx_word' id='word_1_142' title='bbox 699 1988 778 2066; x_wconf 91' lang='grc' dir='ltr'><em>τούς</em></span> <span class='ocrx_word' id='word_1_143' title='bbox 789 2015 825 2055; x_wconf 87' lang='grc' dir='ltr'><em>τε</em></span> <span class='ocrx_word' id='word_1_144' title='bbox 836 1991 992 2076; x_wconf 84' lang='grc' dir='ltr'><em>βασιλέας</em></span> <span class='ocrx_word' id='word_1_145' title='bbox 1009 1993 1076 2054; x_wconf 80' lang='grc' dir='ltr'><em>τῶν</em></span> 
     </span>
    </p>

    <p class='ocr_par' dir='ltr' id='par_1_5' title="bbox 10 2068 1077 2270">
     <span class='ocr_line' id='line_1_19' title="bbox 10 2068 1077 2219; baseline 0 -68"><span class='ocrx_word' id='word_1_146' title='bbox 10 2068 36 2219; x_wconf 36' lang='grc' dir='ltr'><em>ξ.</em></span> <span class='ocrx_word' id='word_1_147' title='bbox 76 2085 350 2170; x_wconf 84' lang='grc' dir='ltr'><em>Δακεδαιμονίων</em></span> <span class='ocrx_word' id='word_1_148' title='bbox 374 2081 436 2151; x_wconf 88' lang='grc' dir='ltr'><em>οῦκ</em></span> <span class='ocrx_word' id='word_1_149' title='bbox 457 2081 699 2170; x_wconf 81' lang='grc' dir='ltr'><em>ὁμολογέοντας</em></span> <span class='ocrx_word' id='word_1_150' title='bbox 719 2087 774 2153; x_wconf 82' lang='grc' dir='ltr'><em>καί</em></span> <span class='ocrx_word' id='word_1_151' title='bbox 793 2087 1038 2173; x_wconf 88' lang='grc' dir='ltr'><em>Κορινθίους’</em></span> <span class='ocrx_word' id='word_1_152' title='bbox 1022 2110 1077 2151; x_wconf 90' lang='grc' dir='ltr'><em>εκ-</em></span> 
     </span>
     <span class='ocr_line' id='line_1_20' title="bbox 19 2180 1074 2270; baseline -0.003 -17.834"><span class='ocrx_word' id='word_1_153' title='bbox 19 2180 231 2260; x_wconf 53' lang='grc' dir='ltr'><em>κλιπόντας</em></span> <span class='ocrx_word' id='word_1_154' title='bbox 245 2209 307 2268; x_wconf 88' lang='grc' dir='ltr'><em>την</em></span> <span class='ocrx_word' id='word_1_155' title='bbox 327 2184 568 2269; x_wconf 79' lang='grc' dir='ltr'><em>τάξινοίχοντο</em></span> <span class='ocrx_word' id='word_1_156' title='bbox 591 2210 645 2252; x_wconf 94' lang='grc' dir='ltr'><em>και</em></span> <span class='ocrx_word' id='word_1_157' title='bbox 635 2180 757 2253; x_wconf 80' lang='grc' dir='ltr'><em>αὐτοὶ</em></span> <span class='ocrx_word' id='word_1_158' title='bbox 776 2183 1074 2270; x_wconf 89' lang='grc' dir='ltr'><em>ἀπαλλασσόμενοι.</em></span> 
     </span>
    </p>

    <p class='ocr_par' dir='ltr' id='par_1_6' title="bbox 10 2260 1125 2407">
     <span class='ocr_line' id='line_1_21' title="bbox 10 2260 1125 2407; baseline 0.004 -57"><span class='ocrx_word' id='word_1_159' title='bbox 10 2260 37 2345; x_wconf 64' lang='lat'><em>²⁴.</em></span> <span class='ocrx_word' id='word_1_160' title='bbox 77 2285 242 2369; x_wconf 84' lang='grc' dir='ltr'><em>Τέταρτον</em></span> <span class='ocrx_word' id='word_1_161' title='bbox 252 2277 293 2366; x_wconf 86' lang='grc' dir='ltr'><em>δη</em></span> <span class='ocrx_word' id='word_1_162' title='bbox 304 2288 402 2350; x_wconf 86' lang='grc' dir='ltr'><em>τοῦτο</em></span> <span class='ocrx_word' id='word_1_163' title='bbox 415 2279 514 2350; x_wconf 85' lang='grc' dir='ltr'><em>έπί</em></span> <span class='ocrx_word' id='word_1_164' title='bbox 478 2308 539 2368; x_wconf 90' lang='grc' dir='ltr'><em>την</em></span> <span class='ocrx_word' id='word_1_165' title='bbox 550 2280 729 2370; x_wconf 65' lang='lat' dir='ltr'><em>&#39;Ancum&#39;</em></span> <span class='ocrx_word' id='word_1_166' title='bbox 710 2284 907 2407; x_wconf 63' lang='grc' dir='ltr'><em>απικόμενογ</em></span> <span class='ocrx_word' id='word_1_167' title='bbox 917 2285 1073 2368; x_wconf 86' lang='grc' dir='ltr'><em>Δωριέες,</em></span> <span class='ocrx_word' id='word_1_168' title='bbox 1092 2300 1125 2357; x_wconf 77' lang='grc'><em>76</em></span> 
     </span>
    </p>

    <p class='ocr_par' dir='ltr' id='par_1_7' title="bbox 10 2376 1076 2474">
     <span class='ocr_line' id='line_1_22' title="bbox 10 2376 1076 2474; baseline 0.002 -28"><span class='ocrx_word' id='word_1_169' title='bbox 10 2382 12 2387; x_wconf 77' lang='grc'><strong>’</strong></span> <span class='ocrx_word' id='word_1_170' title='bbox 39 2376 57 2397; x_wconf 68' lang='lat'><strong><em>¹</em></strong></span> <span class='ocrx_word' id='word_1_171' title='bbox 74 2384 120 2460; x_wconf 88' lang='grc' dir='ltr'><em>δίς</em></span> <span class='ocrx_word' id='word_1_172' title='bbox 141 2404 178 2446; x_wconf 87' lang='grc' dir='ltr'><em>τε</em></span> <span class='ocrx_word' id='word_1_173' title='bbox 198 2379 251 2445; x_wconf 84' lang='grc' dir='ltr'><em>έπί</em></span> <span class='ocrx_word' id='word_1_174' title='bbox 270 2380 402 2470; x_wconf 91' lang='grc' dir='ltr'><em>πολέμω</em></span> <span class='ocrx_word' id='word_1_175' title='bbox 421 2379 632 2467; x_wconf 81' lang='grc' dir='ltr'><em>ἐσβαλόντες,</em></span> <span class='ocrx_word' id='word_1_176' title='bbox 656 2386 710 2450; x_wconf 86' lang='grc' dir='ltr'><em>καί</em></span> <span class='ocrx_word' id='word_1_177' title='bbox 731 2383 817 2460; x_wconf 83' lang='grc' dir='ltr'><em>δίς’</em></span> <span class='ocrx_word' id='word_1_178' title='bbox 801 2380 853 2449; x_wconf 87' lang='grc' dir='ltr'><em>επ’</em></span> <span class='ocrx_word' id='word_1_179' title='bbox 876 2381 995 2474; x_wconf 82' lang='grc' dir='ltr'><em>ἀγαθῷ</em></span> <span class='ocrx_word' id='word_1_180' title='bbox 1016 2389 1076 2450; x_wconf 89' lang='grc' dir='ltr'><em>τοῦ</em></span> 
     </span>
    </p>
   </div>
   <div class='ocr_carea' id='block_1_4' title="bbox 10 2474 1126 3460">
    <p class='ocr_par' dir='ltr' id='par_1_8' title="bbox 41 2474 1076 2567">
     <span class='ocr_line' id='line_1_23' title="bbox 41 2474 1076 2567; baseline -0.004 -18"><span class='ocrx_word' id='word_1_181' title='bbox 41 2544 45 2549; x_wconf 94' lang='grc'>.</span> <span class='ocrx_word' id='word_1_182' title='bbox 52 2476 221 2567; x_wconf 81' lang='grc' dir='ltr'><em>πληθεος</em></span> <span class='ocrx_word' id='word_1_183' title='bbox 236 2482 296 2542; x_wconf 89' lang='grc' dir='ltr'><em>τοῦ</em></span> <span class='ocrx_word' id='word_1_184' title='bbox 310 2474 517 2564; x_wconf 76' lang='grc' dir='ltr'><em>Ἀθηναίων,</em></span> <span class='ocrx_word' id='word_1_185' title='bbox 539 2503 672 2562; x_wconf 90' lang='grc' dir='ltr'><em>πρωτον</em></span> <span class='ocrx_word' id='word_1_186' title='bbox 686 2480 764 2566; x_wconf 81' lang='grc' dir='ltr'><em>μέν,</em></span> <span class='ocrx_word' id='word_1_187' title='bbox 785 2478 840 2547; x_wconf 82' lang='grc' dir='ltr'><em>ὅτε</em></span> <span class='ocrx_word' id='word_1_188' title='bbox 861 2484 915 2547; x_wconf 84' lang='grc' dir='ltr'><em>καί</em></span> <span class='ocrx_word' id='word_1_189' title='bbox 933 2485 1076 2565; x_wconf 86' lang='grc' dir='ltr'><em>Μέγαρα</em></span> 
     </span>
    </p>

    <p class='ocr_par' dir='ltr' id='par_1_9' title="bbox 10 2565 1085 2966">
     <span class='ocr_line' id='line_1_24' title="bbox 10 2565 1077 2690; baseline 0.003 -48"><span class='ocrx_word' id='word_1_190' title='bbox 10 2606 14 2623; x_wconf 86' lang='lat'><em>·</em></span> <span class='ocrx_word' id='word_1_191' title='bbox 51 2578 267 2690; x_wconf 28' lang='grc' dir='ltr'><em>ζκατοίκισαν</em></span> <span class='ocrx_word' id='word_1_192' title='bbox 294 2565 446 2661; x_wconf 81' lang='grc' dir='ltr'><em>(οὗτος</em></span> <span class='ocrx_word' id='word_1_193' title='bbox 432 2601 449 2642; x_wconf 95' lang='grc' dir='ltr'><em>ο</em></span> <span class='ocrx_word' id='word_1_194' title='bbox 474 2575 628 2654; x_wconf 82' lang='grc' dir='ltr'><em>στόλος’</em></span> <span class='ocrx_word' id='word_1_195' title='bbox 612 2581 664 2644; x_wconf 80' lang='grc' dir='ltr'><em>επὶ</em></span> <span class='ocrx_word' id='word_1_196' title='bbox 687 2577 822 2663; x_wconf 88' lang='grc' dir='ltr'><em>Κόδρον</em></span> <span class='ocrx_word' id='word_1_197' title='bbox 840 2579 1077 2666; x_wconf 77' lang='grc' dir='ltr'><em>βασιλεύοντος</em></span> 
     </span>
     <span class='ocr_line' id='line_1_25' title="bbox 51 2666 1084 2763; baseline 0.001 -21"><span class='ocrx_word' id='word_1_198' title='bbox 51 2666 258 2763; x_wconf 77' lang='grc' dir='ltr'><em>ΙἈθηναίων</em></span> <span class='ocrx_word' id='word_1_199' title='bbox 271 2671 383 2763; x_wconf 88' lang='grc' dir='ltr'><em>όρθως</em></span> <span class='ocrx_word' id='word_1_200' title='bbox 397 2698 528 2762; x_wconf 90' lang='grc' dir='ltr'><em>πρωτος</em></span> <span class='ocrx_word' id='word_1_201' title='bbox 546 2671 589 2740; x_wconf 84' lang='grc' dir='ltr'><em>ἀν</em></span> <span class='ocrx_word' id='word_1_202' title='bbox 608 2671 783 2762; x_wconf 87' lang='grc' dir='ltr'><em>καλέοιτο),</em></span> <span class='ocrx_word' id='word_1_203' title='bbox 803 2672 962 2761; x_wconf 89' lang='grc' dir='ltr'><em>δεύτερον</em></span> <span class='ocrx_word' id='word_1_204' title='bbox 976 2677 1014 2744; x_wconf 84' lang='grc' dir='ltr'><em>δε</em></span> <span class='ocrx_word' id='word_1_205' title='bbox 1028 2705 1084 2743; x_wconf 90' lang='grc' dir='ltr'><em>και</em></span> 
     </span>
     <span class='ocr_line' id='line_1_26' title="bbox 62 2770 1084 2869; baseline 0.007 -30"><span class='ocrx_word' id='word_1_206' title='bbox 62 2770 230 2869; x_wconf 72' lang='grc' dir='ltr'><em>τρίτον,“</em></span> <span class='ocrx_word' id='word_1_207' title='bbox 212 2801 265 2843; x_wconf 86' lang='grc' dir='ltr'><em>οτε</em></span> <span class='ocrx_word' id='word_1_208' title='bbox 284 2775 337 2842; x_wconf 83' lang='grc' dir='ltr'><em>ἐπὶ</em></span> <span class='ocrx_word' id='word_1_209' title='bbox 351 2776 649 2863; x_wconf 78' lang='grc' dir='ltr'><em>Πεισιστρατιδέων</em></span> <span class='ocrx_word' id='word_1_210' title='bbox 668 2775 815 2856; x_wconf 82' lang='grc' dir='ltr'><em>ἐξέλασιν</em></span> <span class='ocrx_word' id='word_1_211' title='bbox 830 2770 1034 2864; x_wconf 86' lang='grc' dir='ltr'><em>ὁρμηθέντες</em></span> <span class='ocrx_word' id='word_1_212' title='bbox 1048 2781 1084 2846; x_wconf 88' lang='grc' dir='ltr'><em>έκ</em></span> 
     </span>
     <span class='ocr_line' id='line_1_27' title="bbox 60 2871 1085 2966; baseline -0.001 -18"><span class='ocrx_word' id='word_1_213' title='bbox 60 2874 231 2966; x_wconf 82' lang='grc' dir='ltr'><em>Σπάρτης</em></span> <span class='ocrx_word' id='word_1_214' title='bbox 249 2871 427 2962; x_wconf 83' lang='grc' dir='ltr'><em>ἀπίκοντο,</em></span> <span class='ocrx_word' id='word_1_215' title='bbox 450 2877 607 2964; x_wconf 90' lang='grc' dir='ltr'><em>τέταρτον</em></span> <span class='ocrx_word' id='word_1_216' title='bbox 626 2874 663 2944; x_wconf 78' lang='grc' dir='ltr'><em>δέ</em></span> <span class='ocrx_word' id='word_1_217' title='bbox 680 2875 771 2962; x_wconf 89' lang='grc' dir='ltr'><em>τότε,</em></span> <span class='ocrx_word' id='word_1_218' title='bbox 790 2873 844 2944; x_wconf 82' lang='grc' dir='ltr'><em>ὅτε</em></span> <span class='ocrx_word' id='word_1_219' title='bbox 864 2879 896 2957; x_wconf 87' lang='grc' dir='ltr'><em>ές</em></span> <span class='ocrx_word' id='word_1_220' title='bbox 910 2876 1085 2947; x_wconf 80' lang='grc' dir='ltr'><em>Ἐλευσῖνα</em></span> 
     </span>
    </p>

    <p class='ocr_par' dir='ltr' id='par_1_10' title="bbox 10 2974 1085 3068">
     <span class='ocr_line' id='line_1_28' title="bbox 10 2974 1085 3068; baseline -0.001 -19"><span class='ocrx_word' id='word_1_221' title='bbox 10 3046 14 3057; x_wconf 89' lang='grc'><em>,</em></span> <span class='ocrx_word' id='word_1_222' title='bbox 53 2974 1085 3068; x_wconf 61' lang='grc' dir='ltr'><em>’ΚλεομένηςἀγωνΠελοποννησίονςέσεβαλε,οῦτωτέταρτον</em></span> 
     </span>
    </p>

    <p class='ocr_par' dir='ltr' id='par_1_11' title="bbox 10 3077 1126 3175">
     <span class='ocr_line' id='line_1_29' title="bbox 10 3077 1126 3175; baseline -0.004 -24"><span class='ocrx_word' id='word_1_223' title='bbox 10 3090 13 3129; x_wconf 75' lang='grc' dir='ltr'><strong><em>ῑ</em></strong></span> <span class='ocrx_word' id='word_1_224' title='bbox 44 3082 146 3175; x_wconf 65' lang='grc' dir='ltr'><em>Ιῐότε</em></span> <span class='ocrx_word' id='word_1_225' title='bbox 167 3077 317 3162; x_wconf 83' lang='grc' dir='ltr'><em>Δωριέες</em></span> <span class='ocrx_word' id='word_1_226' title='bbox 338 3079 496 3164; x_wconf 81' lang='grc' dir='ltr'><em>ἐσέβαλον</em></span> <span class='ocrx_word' id='word_1_227' title='bbox 521 3081 554 3158; x_wconf 88' lang='grc' dir='ltr'><em>ές</em></span> <span class='ocrx_word' id='word_1_228' title='bbox 576 3078 728 3168; x_wconf 83' lang='grc' dir='ltr'><em>Ἀθήνας</em></span> <span class='ocrx_word' id='word_1_229' title='bbox 773 3085 1005 3161; x_wconf 89' lang='grc' dir='ltr'><em>Διαλνθέντος</em></span> <span class='ocrx_word' id='word_1_230' title='bbox 1030 3077 1078 3151; x_wconf 75' lang='grc' dir='ltr'><em>όν</em></span> <span class='ocrx_word' id='word_1_231' title='bbox 1092 3091 1126 3148; x_wconf 84' lang='grc'><em>77</em></span> 
     </span>
    </p>

    <p class='ocr_par' dir='ltr' id='par_1_12' title="bbox 10 3175 1079 3460">
     <span class='ocr_line' id='line_1_30' title="bbox 10 3175 1079 3267; baseline 0.008 -27"><span class='ocrx_word' id='word_1_232' title='bbox 10 3176 12 3181; x_wconf 80' lang='grc'><strong>’</strong></span> <span class='ocrx_word' id='word_1_233' title='bbox 59 3185 130 3248; x_wconf 78' lang='grc' dir='ltr'><em>τοῦ</em></span> <span class='ocrx_word' id='word_1_234' title='bbox 149 3175 275 3245; x_wconf 88' lang='grc' dir='ltr'><em>στόλου</em></span> <span class='ocrx_word' id='word_1_235' title='bbox 289 3175 411 3244; x_wconf 90' lang='grc' dir='ltr'><em>τούτου</em></span> <span class='ocrx_word' id='word_1_236' title='bbox 429 3175 554 3257; x_wconf 79' lang='grc' dir='ltr'><em>ἀκλεῶς</em></span> <span class='ocrx_word' id='word_1_237' title='bbox 570 3181 717 3248; x_wconf 82' lang='grc' dir='ltr'><em>ἐνθαῦτα</em></span> <span class='ocrx_word' id='word_1_238' title='bbox 731 3179 903 3267; x_wconf 77' lang='grc' dir='ltr'><em>Ἀθηναῖοι</em></span> <span class='ocrx_word' id='word_1_239' title='bbox 921 3187 1079 3250; x_wconf 87' lang='grc' dir='ltr'><em>τίνυσθαι</em></span> 
     </span>
     <span class='ocr_line' id='line_1_31' title="bbox 48 3272 1074 3362; baseline 0.001 -17"><span class='ocrx_word' id='word_1_240' title='bbox 48 3272 276 3359; x_wconf 79' lang='grc' dir='ltr'><em>Ιβουλόμενοι</em></span> <span class='ocrx_word' id='word_1_241' title='bbox 292 3281 406 3358; x_wconf 79' lang='grc' dir='ltr'><em>πρῶτα</em></span> <span class='ocrx_word' id='word_1_242' title='bbox 426 3282 605 3362; x_wconf 90' lang='grc' dir='ltr'><em>στρατηίην</em></span> <span class='ocrx_word' id='word_1_243' title='bbox 621 3285 794 3344; x_wconf 85' lang='grc' dir='ltr'><em>ποιεῦνται</em></span> <span class='ocrx_word' id='word_1_244' title='bbox 816 3280 868 3344; x_wconf 83' lang='grc' dir='ltr'><em>ἐπι</em></span> <span class='ocrx_word' id='word_1_245' title='bbox 858 3280 1074 3358; x_wconf 83' lang='grc' dir='ltr'><em>Χαλκιδέας</em></span> 
     </span>
     <span class='ocr_line' id='line_1_32' title="bbox 47 3371 1074 3460; baseline 0.002 -17.022"><span class='ocrx_word' id='word_1_246' title='bbox 47 3372 214 3443; x_wconf 76' lang='grc' dir='ltr'><em>’Βοιωτοί</em></span> <span class='ocrx_word' id='word_1_247' title='bbox 226 3371 570 3440; x_wconf 75' lang='grc' dir='ltr'><em>δὲτοίσιΧαλκιδεῦσι</em></span> <span class='ocrx_word' id='word_1_248' title='bbox 592 3375 796 3455; x_wconf 83' lang='grc' dir='ltr'><em>βωθέουσι’</em></span> <span class='ocrx_word' id='word_1_249' title='bbox 780 3398 819 3441; x_wconf 87' lang='grc' dir='ltr'><em>επ</em></span> <span class='ocrx_word' id='word_1_250' title='bbox 820 3373 1074 3460; x_wconf 84' lang='grc' dir='ltr'><em>ίτὸνΕῦριπον.</em></span> 
     </span>
    </p>
   </div>
   <div class='ocr_carea' id='block_1_5' title="bbox 49 3454 1076 3560">
    <p class='ocr_par' dir='ltr' id='par_1_13' title="bbox 49 3454 1076 3560">
     <span class='ocr_line' id='line_1_33' title="bbox 49 3454 1076 3560; baseline 0.004 -21.047"><span class='ocrx_word' id='word_1_251' title='bbox 49 3454 281 3558; x_wconf 71' lang='grc' dir='ltr'><em>Αθηναίοισι</em></span> <span class='ocrx_word' id='word_1_252' title='bbox 296 3469 356 3538; x_wconf 76' lang='grc' dir='ltr'><em>δδί</em></span> <span class='ocrx_word' id='word_1_253' title='bbox 342 3474 451 3539; x_wconf 86' lang='grc' dir='ltr'><em>ίδοῦσι</em></span> <span class='ocrx_word' id='word_1_254' title='bbox 464 3470 543 3552; x_wconf 85' lang='grc' dir='ltr'><em>τοῦς</em></span> <span class='ocrx_word' id='word_1_255' title='bbox 554 3472 705 3560; x_wconf 81' lang='grc' dir='ltr'><em>βοηθούς</em></span> <span class='ocrx_word' id='word_1_256' title='bbox 717 3477 807 3553; x_wconf 81' lang='grc' dir='ltr'><em>ἔδοξε</em></span> <span class='ocrx_word' id='word_1_257' title='bbox 819 3471 983 3559; x_wconf 87' lang='grc' dir='ltr'><em>πρότερον</em></span> <span class='ocrx_word' id='word_1_258' title='bbox 993 3490 1076 3543; x_wconf 75' lang='grc' dir='ltr'><em>τοῖσι</em></span> 
     </span>
    </p>
   </div>
   <div class='ocr_carea' id='block_1_6' title="bbox 0 0 1204 3840">
    <p class='ocr_par' dir='ltr' id='par_1_14' title="bbox 0 0 1204 3840">
     <span class='ocr_line' id='line_1_34' title="bbox 0 0 1204 3840; baseline 0 0"><span class='ocrx_word' id='word_1_259' title='bbox 0 0 1204 3840; x_wconf 95' lang='lat' dir='ltr'><em> </em></span> 
     </span>
    </p>
   </div>
  </div>
 </body>
</html>
