2378 3840
153 199 194 262 36
528 200 778 258 HERODOTI

152 370 327 429 Βοιωτοῖσι
342 355 362 447 ἦ
379 374 463 427 τοῖσι
480 360 683 425 Χαλκιδεῦσι
697 359 900 444 ἐπιχειρέειν.
924 360 1159 449 συμβάλλουσί

152 486 187 526 τε
202 456 242 547 δή
254 472 340 526 τοῖσι
350 465 525 525 Βοιωτοῖσι
540 460 574 522 οί
582 452 821 540 Ἀθηναῖοιοιαδ
832 464 944 548 πολλῶ
955 460 1154 546 ἐκράτησαν,

151 560 258 645 κάρτα
273 561 309 627 δὲ
323 555 469 635 πολλοὺς
484 554 710 642 φονεύσαντες
721 561 938 636 ἑπτακοσίους
949 555 1065 625 αὐτῶν
1078 559 1156 641 ε’ζῶ-

151 678 290 746 γρησαν.
331 664 389 744 τῆς
420 655 457 722 δὲ
483 651 585 740 αὐτῆς
615 655 736 740 ταύτης
765 653 890 742 ἡμέρης
924 661 958 724 οί
983 653 1155 744 Ἀθηναῖοι

151 756 326 845 διαβάντες
347 757 380 834 ἐς
401 751 463 840 τήν
477 749 628 838 Εὔβοιαν
645 751 874 839 συμβάλλουσι
898 756 953 821 καὶ
967 767 1054 822 τοῖσι
1066 763 1154 824 Χαλ-

150 858 297 936 κιδεῦσι,
313 850 509 938 νικήσαντες
521 852 557 917 δὲ
568 852 623 917 καὶ
633 849 773 928 τούτους
783 858 1066 938 τετρακισχιλίους
1077 861 1153 940 κλη-

152 951 295 1038 ρούχους
310 953 362 1018 ἐπὶ
379 955 447 1016 τῶν
468 951 677 1035 ἱπποβοτέων
698 954 738 1035 τῇ
754 946 845 1034 χῶρη
867 955 1038 1017 λείπουσι·
1066 954 1103 1018 οί
1122 947 1152 1016 δ’

151 1046 330 1135 ἱπποβόται
351 1049 525 1114 ἐκαλέοντο
547 1051 582 1113 οί
597 1048 715 1131 παχέες
735 1053 802 1112 τῶν
822 1048 1027 1113 Χαλκιδέων.
1056 1044 1153 1126 ὅσους

153 1152 189 1217 δὲ
206 1147 406 1216 καὶτούτων
420 1147 626 1231 έζῶγρησαν,
650 1144 718 1230 ἅμα
739 1161 824 1213 τοῖσι
837 1153 996 1213 Βοιωτῶν
1012 1148 1150 1235 ἐζωγρη-

152 1248 281 1332 μένοισι
301 1243 389 1331 εἶχον
409 1248 446 1312 έν
469 1251 620 1332 φυλακῇ,
643 1244 680 1310 έν
701 1245 816 1321 πέδαις
841 1242 1018 1330 δήσαντες·
1046 1244 1152 1336 χρόνῳ

152 1345 188 1410 δέ
203 1342 328 1411 ἔλυσάν
340 1362 445 1428 σφεας
460 1345 601 1426 δίμνεως
614 1336 907 1426 ἀποτιμησάμενοι.
930 1339 989 1421 τάς
1004 1343 1042 1411 δὲ
1055 1344 1153 1420 πέδας

152 1439 280 1520 αὐτῶν,
304 1441 341 1506 έν
353 1446 428 1527 τῇσι
443 1441 611 1521 ἐδεδέατο,
633 1435 865 1523 ἀνεκρέμασαν
879 1440 912 1516 ές
924 1435 987 1525 τήν
1007 1435 1153 1528 ἀκρόπο-

152 1549 222 1623 λιν,
238 1539 276 1603 αἵ
292 1562 354 1623 περ
371 1542 418 1604 ἔτι
433 1539 488 1603 καὶ
502 1538 535 1614 ἐς
549 1536 606 1621 ἐμὲ
618 1529 706 1622 ήσαν
722 1542 931 1622 περιεοῦσαι,
949 1539 1152 1625 κρεμάμεναι

152 1642 188 1705 ἐκ
212 1641 346 1722 τειχέων
365 1637 705 1723 περιπεφλευσμένων
729 1640 811 1720 πυρί
839 1633 906 1704 ὑπό
933 1644 996 1703 τοῦ
1020 1637 1151 1728 Μήδαν,

150 1733 266 1802 ἀντίον
281 1735 317 1801 δὲ
335 1741 397 1802 τοῦ
411 1734 561 1821 μεγάρου
580 1739 642 1801 τοῦ
658 1730 742 1820 πρός
758 1735 902 1821 ἕσπέρην
915 1736 1150 1821 τετραμμένου.

150 1841 293 1906 καὶτῶν
312 1837 447 1924 λάτρων
469 1833 532 1921 τήν
554 1834 696 1921 δεκάτην
716 1832 907 1920 ἀνέθηκαν,
934 1826 1151 1924 ποιησάμενοι

150 1939 338 2021 τέθριππον
348 1935 507 2021 χάλκεον·
528 1930 566 1999 τό
581 1934 617 1999 δὲ
631 1931 804 2018 ἀριστερής
816 1929 925 2019 χειρὸς
936 1934 1055 2020 ἕστηκε
1065 1938 1148 2019 πρῶ-

150 2059 210 2100 τον
228 2033 351 2101 ἐσιόντι
365 2035 398 2111 ἐς
413 2030 453 2098 τά
468 2031 661 2115 προπύλαια
676 2028 716 2098 τά
733 2033 770 2097 έν
785 2037 825 2119 τή
842 2027 1023 2115 ἀκροπόλι·
1047 2031 1149 2118 ἐπιγέ-

150 2157 292 2219 γραπται
311 2135 349 2200 δέ
365 2138 399 2201 οἶ
409 2131 526 2198 τάδε’

225 2229 352 2299 ’Ἐθνεα
366 2236 525 2300 Βοιωτῶν
539 2231 595 2297 καὶ
608 2232 812 2297 Χαλκιδέωιί
818 2229 1027 2316 δαμάσαντες

277 2335 400 2408 Παῖδες
410 2327 599 2417 Ἀθηναίων
613 2335 774 2416 ἔργμασιν
788 2331 826 2397 έν
841 2332 990 2416 πολέμου

237 2435 360 2517 Δεσμῶ
375 2430 412 2495 έν
429 2427 603 2513 ἀχλυόεντι
617 2430 759 2518 σιδηρέῳ
775 2434 917 2515 ἔσβεσαν
931 2425 1053 2515 ὕβριν·

279 2532 356 2592 Τῶν
366 2528 491 2604 ἵππους
503 2525 645 2612 δεκάτην
656 2525 809 2593 Παλλάδι
820 2523 914 2592 τάσδ’
928 2529 1065 2594 ἔθεσαν.
1186 2587 1189 2596 .

104 2631 139 2689 78
149 2621 321 2708 Ἀθηναῖοι
339 2625 402 2708 μέν
422 2650 488 2690 νυν
510 2621 672 2709 αὕξηντο,
694 2627 793 2710 δηλοῖ
810 2623 847 2690 δέ
867 2619 909 2689 οὐ
925 2622 1000 2692 κατ’
1019 2628 1059 2693 ἓν
1070 2628 1155 2712 μοῦ-Ι
1178 2627 1181 2649 ''

150 2747 230 2804 νον,
245 2717 328 2787 ἀλλά
340 2718 520 2813 πανταχήή
533 2728 684 2808 ἰσηγορίη
698 2719 742 2799 ῶς
756 2723 824 2788 ε’στί
833 2727 942 2807 χρῆμα
957 2728 1139 2805 σπουδαίαν,

151 2826 182 2887 εί
191 2822 246 2886 καὶ
256 2816 428 2905 Ἀθηναῖοι
439 2821 724 2907 τυραννευόμενοι
733 2821 795 2909 μὲν
807 2816 966 2906 οὖδαμῶν
977 2820 1140 2909 τῶνσφέσί
1172 2827 1175 2848 ¹

150 2916 410 3004 περιοικεόντων
424 2911 511 3004 ήσαυ
524 2916 565 2985 τά
576 2922 716 3003 πολέμια
731 2916 905 3005 ἀμείνους,
921 2916 1138 3023 ἀπαλλαχθίτ·
1170 2960 1171 2979 ι

150 3043 204 3095 τες
225 3017 260 3082 δὲ
285 3015 463 3102 τυράννων
488 3024 604 3108 μακρῷ
629 3024 752 3103 πρῶτοι
780 3019 952 3102 ἐγένοντο·
986 3007 1137 3108 δηλολέν
1169 3042 1184 3090 ιι

151 3121 271 3197 ταῦτα,
301 3112 352 3182 ότι
375 3117 590 3202 κατεχόμενοι
610 3117 672 3202 μέν
695 3115 920 3184 ἐθελοκάκεον
946 3114 991 3195 ῶς
1013 3110 1137 3199 δεσπόῐδ
1173 3168 1175 3177 ι

152 3211 380 3300 ἐργαζόμενοι,
407 3218 708 3298 ἐλευθερωθέντων
733 3214 769 3282 δὲ
792 3212 892 3293 αὐτὸς
913 3218 1052 3297 ἕκαστος
1069 3218 1137 3285 §w
1164 3241 1184 3290 υ

103 3322 137 3377 ’ί9
152 3319 197 3402 τῷ
218 3317 445 3398 προεθυμέετο
467 3314 736 3400 κατεργάζεσθαι.
768 3305 860 3381 οὗτοι
878 3314 944 3398 μέν
966 3340 1036 3382 νυν
1052 3316 1136 3382 ταῦθ
1171 3366 1172 3371 1

153 3416 337 3496 ἔπρησσον,
360 3419 501 3498 Θηβαῖοι
525 3413 561 3479 δὲ
587 3410 669 3497 μετὰ
693 3418 797 3479 ταῦτα
825 3415 858 3489 ές
880 3408 966 3479 θεόν
994 3418 1135 3501 έπεμπσλι
