2378 3840
108 178 148 236 24
481 179 734 238 HERODOTl

107 331 239 422 μένειὴ
260 335 432 422 θυγάτηρ,
454 343 494 423 τῇ
511 335 642 422 οὔνομα
664 328 709 422 ἦν
731 340 867 426 Γοργώ·
896 348 995 409 τοῦτο
1021 341 1061 410 δέ
1083 342 1112 411 ολ

108 438 162 502 καλ
182 441 312 522 μοῦνον
339 435 459 501 τέκνον
479 434 638 522 ἐτύγχανε
663 433 720 504 έδν
741 437 842 504 έτέων
865 435 952 522 ὀκτὼ
972 434 996 528 ἦ
1016 441 1112 508 έννέα

108 529 248 618 ἡλικίην.
283 533 475 618 Κλεομένης
490 532 526 600 δέ
541 536 654 619 λέγειν
670 560 729 620 μιν
743 535 874 603 ἐκέλευε
888 534 928 603 τά
943 537 1111 625 βούλεται,

107 628 190 717 μηδὲ
205 633 350 715 ἐπισχεῖν
366 635 427 696 τοῦ
448 634 585 699 παιδίου
601 633 738 699 εἵνεκεν.
763 633 912 700 ἐνθαῦτα
928 631 969 720 δη
987 631 1006 701 ὁ
1024 630 1112 722 Ἀρι-

108 727 272 816 σταγόρης
286 726 404 816 ἤρχετο
420 730 456 795 ἐκ
474 730 554 795 δέκα
573 729 748 797 ταλάντων
768 727 1050 816 ὑπισχνεόμενος,
1071 728 1111 819 ἤν

108 827 527 914 οίέπιτελέσητῶνέδέετο.
551 824 777 906 άνανεόοντος
788 828 824 896 δέ
835 835 896 896 τοῦ
906 831 1111 916 Κλεομένεος

107 927 286 1011 προέβαινε
307 938 392 992 τοῖσι
413 923 557 1010 χρήμασι
578 922 802 1013 ὑπερβάλλων
824 923 842 994 ὁ
865 922 1110 1016 Ἀρισταγόρης,

108 1027 141 1105 ές
155 1021 175 1092 ό
189 1024 399 1113 πεντήκοντά
413 1017 449 1093 τε
462 1023 608 1093 τάλαντα
623 1022 841 1112 ὑπεδέδεκτο,
856 1027 912 1093 καλ
924 1023 962 1093 τό
977 1030 1111 1095 παιδίον

108 1121 292 1204 αόδάξατο·
315 1123 437 1211 πάτερ,
459 1126 654 1210 διαφθερέει
670 1141 709 1191 σε
728 1119 746 1191 ὁ
763 1125 885 1209 ξεῖνος,
910 1117 1010 1209 ἦνμὴ
1027 1120 1110 1193 άπο-
1130 1193 1133 1202 ,

107 1218 187 1299 στάς
212 1229 272 1308 λης.
305 1217 327 1289 ό
349 1247 385 1288 τε
410 1217 449 1308 δὴ
472 1221 662 1308 Κλεομένης
688 1217 805 1308 ἡσθεὶς
828 1228 888 1290 τοῦ
909 1226 1049 1309 παιδίου
1075 1229 1111 1312 τῇ

107 1320 283 1404 παραινέσι
297 1316 350 1406 ἤιε
364 1320 403 1398 ές
412 1321 526 1406 ἕτερον
542 1327 680 1405 οἴκημα,
696 1320 751 1386 καὶ
765 1315 783 1386 ὁ
798 1317 1036 1410 Ἀρισταγόρης
1050 1322 1112 1393 άπ-

107 1416 288 1486 αλλάσσετο
304 1413 341 1486 τό
357 1416 517 1505 παράπαν
532 1418 569 1484 έκ
585 1423 642 1504 τῆς
656 1416 832 1504 Σπάρτης,
856 1414 937 1486 οόδέ
951 1422 987 1488 oc
1005 1421 1111 1508 ἐξεγέ-

107 1539 183 1583 νετο
205 1517 257 1583 έπὶ
278 1518 380 1583 πλέον
396 1520 443 1582 ἔτι
464 1520 608 1601 σημῆναι
630 1515 706 1600 περὶ
728 1520 785 1601 τῆς
801 1513 929 1584 άνόδου
943 1523 1002 1604 τῆς
1022 1514 1109 1605 παρὰ

129 1615 255 1681 ασιλέα.

63 1620 144 1785 ρπβ·
181 1707 270 1796 Ἔχει
280 1706 345 1796 γάρ
361 1706 447 1797 άμφλ
462 1715 502 1798 τῇ
516 1705 584 1800 ὁδῷ
599 1707 703 1796 ταότη
715 1699 796 1776 ὦδε·
820 1716 968 1796 σταθμοί
979 1737 1015 1778 τε
1026 1736 1111 1780 παν-

107 1814 188 1897 ταχῇ
210 1809 272 1875 είσλ
291 1806 459 1895 βασιλήιοι
479 1809 534 1876 καλ
557 1806 754 1885 καταλύσιες
772 1806 961 1894 κάλλισται,
984 1807 1043 1876 διά
1063 1815 1111 1879 οί-

107 1908 266 1992 κεομένης
284 1931 320 1975 τε
346 1903 367 1993 ἡ
392 1902 471 1984 ὁδός
494 1903 606 1972 ἅπασα
627 1905 683 1971 καὶ
706 1901 881 1991 ἀσφαλέος.
913 1904 969 1975 διὰ
990 1911 1056 1994 μέν
1075 1932 1110 1994 γε

106 2007 232 2088 Λυδίης
243 2007 298 2071 καὶ
309 2010 459 2090 Φρυγίης
469 2003 613 2087 σταθμοὶ
624 2007 788 2081 τείνοντες
799 2008 907 2071 είκοσί
915 2012 991 2090 εἰσι,
1002 2028 1109 2089 παρα-

107 2101 229 2188 σάγγαι
243 2102 278 2168 δὲ
293 2101 443 2188 τέσσερες
458 2101 513 2168 καὶ
524 2098 724 2186 ἐνενήκοντα
740 2102 795 2168 καλ
808 2098 921 2187 ἥμισυ.
945 2102 1110 2171 ἐκδέκεται

108 2198 139 2269 δ’
163 2203 199 2268 έκ
221 2207 279 2287 τῆς
300 2205 449 2287 Φρυγίης
469 2195 487 2264 ὁ
508 2195 609 2277 ’Ἀλνς
630 2196 794 2285 ποταμός,
822 2197 874 2267 ἐπ’
903 2191 931 2291 ᾦ
950 2199 1056 2268 πόλαι
1077 2223 1109 2268 τε

107 2302 228 2384 όπεισι,
244 2295 302 2377 τάς
313 2296 498 2378 διεξελάσαι
513 2303 603 2364 πάσα
617 2293 747 2384 ἀνάγκη
759 2299 815 2365 καλ
824 2296 914 2367 οὕτω
929 2302 1108 2384 διεκπερᾶν

107 2394 167 2464 τόν
181 2398 348 2487 ποταμόν,
365 2397 420 2464 καλ
432 2395 663 2483 φυλακτήριον
673 2401 757 2483 μέγα
768 2394 821 2465 ἐπ’
835 2395 934 2490 αὐτῷ.
957 2399 1107 2488 διαβάντι

107 2494 144 2564 δὲ
172 2497 205 2575 ές
225 2492 286 2583 τὴν
308 2500 552 2582 Καππαδοκίην
575 2498 630 2564 καὶ
652 2496 756 2584 ταότη
779 2499 995 2588 πορευομένῳ
1017 2502 1106 2585 μέχρι
1140 2496 1150 2547 -i

106 2590 220 2678 οὔρων
242 2599 310 2662 τάν
325 2598 487 2663 Κιλικίων
506 2597 651 2681 σταθμοὶ
673 2598 766 2662 δυῶν
783 2597 913 2674 δέοντές
933 2602 996 2664 ει’σι
1017 2596 1105 2686 τριή-

105 2716 224 2776 κοντα,
246 2688 459 2777 παρασάγγαι
474 2694 510 2758 δέ
525 2693 675 2780 τέσσερες
686 2693 741 2760 καλ
751 2692 887 2760 ἑκατόν·
909 2695 962 2761 έπλ
977 2697 1014 2762 δὲ
1026 2707 1105 2762 τοῖσι

105 2787 235 2855 τούτων
253 2783 384 2875 οόροισι
401 2788 493 2868 διξάς
507 2816 542 2857 τε
556 2790 664 2869 πόλας
678 2794 824 2880 διεξελᾷς
839 2793 894 2859 καὶ
908 2789 983 2871 διξοὶ
999 2801 1104 2878 φυλα-

106 2883 225 2972 κτήρια
239 2891 471 2972 παραμείψεαι.
495 2893 598 2954 ταῦτα
614 2886 650 2954 δέ
667 2887 893 2968 διεξελάσαντι
909 2891 964 2957 καλ
979 2887 1038 2958 διά
1055 2895 1102 2974 τῆς

104 2989 256 3070 Κιλικίης
267 2980 350 3052 ὁδόν
359 2987 547 3076 ποιευμένῳ
559 2999 646 3073 τρεῖς
659 2991 721 3054 είσι
731 2995 885 3075 σταθμοί,
898 2989 1102 3078 παρασάγγαι

104 3084 141 3152 δέ
158 3087 394 3152 πεντεκαίδεκα
417 3087 472 3154 καὶ
493 3083 605 3172 ἥμισυ.
639 3079 741 3174 οὖρος
755 3085 792 3154 δὲ
806 3094 958 3175 Κιλικίης
978 3092 1035 3157 καλ
1055 3092 1102 3173 τῆς

100 3181 272 3269 Ἀρμενίης
292 3185 360 3252 ἐστὶ
382 3182 529 3272 ποταμός
546 3189 803 3275 νηυσιπέρητος,
826 3193 872 3278 τῷ
893 3185 1026 3274 οόνομα
1041 3180 1102 3256 Εὖ·

105 3279 241 3367 φρήτης.
264 3284 301 3349 έν
312 3283 348 3351 δὲ
359 3289 399 3372 τῇ
413 3281 567 3372 Ἀρμενιή
582 3286 727 3372 σταθμοὶ
740 3287 803 3370 μέν
814 3289 877 3352 είσι
888 3285 1102 3372 καταγωγέων

103 3383 357 3460 πεντεκαίδεκα,
386 3380 599 3469 παρασάγγαι
624 3381 661 3449 δὲ
685 3385 717 3462 ἓξ
743 3383 797 3450 καλ
822 3382 1034 3469 πεντήκοντα
1056 3383 1101 3451 καλ
