2378 3840
272 175 358 234 LIB.
389 176 457 233 vm.
492 174 593 235 cAP.
629 180 854 247 1³6-140,1.
1003 176 1064 239 28³

59 361 183 424 γραφει
203 342 243 424 τῇ
263 340 406 422 μαχαίρῃ
427 336 460 412 ές
481 330 518 400 τό
536 337 659 417 ἔδαφος
679 339 741 400 τοῦ
757 343 853 403 οίκου
874 335 934 405 τὸν
953 336 1063 426 ἥλιον,

58 434 266 522 περιγράψας
275 432 322 519 δὲ,
331 435 363 511 ἐς
374 429 435 498 τδυ
443 430 573 498 κόλπον
583 432 653 516 τρίς
664 427 875 516 ἀρνούμενος
886 433 1062 522 τοῦὴλίου,

59 531 286 601 ἀπαλλάσσετο
308 528 409 608 αύτός
423 555 458 596 τε
478 529 533 596 καὶ
554 532 589 594 οί
606 525 677 612 μετ’
693 531 835 597 ἐκείνου.
876 536 918 598 Οί
939 534 1001 618 μὲν
1023 530 1063 619 δὴ
1088 555 1137 609 138

58 628 214 718 ἀπηεσαν,
229 636 275 719 τῷ
290 629 327 697 δὲ
340 629 471 716 βασιλέι·
481 632 634 712 σημαίνει
647 652 696 704 τις
706 633 775 694 των
786 632 973 718 παρέδρων,
990 627 1064 699 οἷόν

57 755 88 796 τι
104 733 212 814 χρῆμα
227 725 376 813 ποιήσειε
387 723 405 794 ὁ
417 737 494 802 παῖς
507 726 563 790 καί
578 719 622 800 ως
634 720 699 789 σύν
711 722 781 814 νόφ
792 726 930 794 ἐκείνων
945 725 962 796 ὁ
975 730 1062 796 νεύ-

58 850 153 904 τατος
168 825 266 911 λόβοι
282 820 323 892 τό
338 823 506 908 διδόμενα.
529 818 714 888 ὁδὶ-ταῦτα
729 819 878 903 ἀκούσας
891 829 947 893 καί
962 824 1055 907 ὀξυν-

57 927 130 1003 θεὶς
144 927 264 1010 πέμπει
278 920 331 992 ἐπ’
347 919 471 1044 αύτρδς
485 925 603 999 ἱππέας
617 917 829 1003 ἀπολέοντας.
863 926 1018 1046 ποταμὸς
1026 929 1066 995 δέ

57 1026 125 1092 ἐστι
146 1024 236 1090 έν
196 1048 236 1111 τη
252 1021 343 1118 χύρη
359 1022 533 1110 ταύτη,
500 1027 547 1087 τύ
566 1020 693 1088 θύουσι
713 1026 748 1088 οί
766 1022 896 1092 τούτων
915 1031 983 1092 τῶν
999 1023 1061 1092 όν-

58 1121 181 1208 δρῶυ’
162 1148 209 1190 απ
213 1120 398 1211 ’Ἀργεος’
377 1121 543 1208 απόγουοι
559 1127 691 1206 σωτῆρι.
716 1113 831 1240 οὗτος,
857 1125 930 1191 ἐπεί
941 1151 976 1192 τε
992 1129 1048 1193 διέ·

56 1226 214 1346 βησανρί
231 1225 427 1319 Τημενίδαι,
450 1222 551 1308 μέγας
567 1217 657 1287 οὕτω
679 1219 828 1307 έρρύη”
801 1240 885 1288 ωστε
904 1247 984 1299 τους
1005 1226 1062 1288 ίπ-

55 1323 137 1399 πέας
151 1347 194 1409 μη
207 1324 301 1401 οἵους
314 1347 350 1388 τε
364 1321 523 1406 γενεσθαι
538 1322 701 1405 διαβῆναι.
723 1344 754 1384 οι
747 1315 837 1384 Ὕδ
817 1318 1015 1404 απικόμενοι
1028 1321 1061 1396 ές

56 1417 163 1505 α’λλην
184 1425 249 1506 γῆν
267 1424 326 1506 τῆς
334 1421 553 1504 Μακεδονίης
573 1426 713 1502 οίκησαν
732 1419 833 1496 πέλας
853 1422 922 1483 τῶν
942 1417 1060 1532 κήπων

55 1524 124 1585 τῶν
137 1519 329 1604 λεγομένων
345 1515 428 1586 εἶναι
440 1520 559 1585 Μίδεω
573 1540 635 1583 του
620 1517 838 1601 Γορδίεω,’
821 1541 859 1582 εν
872 1529 958 1582 τοῖσι
973 1515 1060 1600 φύε·

54 1642 108 1682 ται
130 1613 300 1700 αὐτόματα
319 1615 420 1702 ῥόδα,
441 1617 478 1681 ἓν
499 1617 638 1681 ἕκαστον
658 1617 735 1698 έχον
756 1611 914 1699 ἑξήκοντα
936 1613 1058 1700 φύλλα,

56 1712 143 1803 ὀδμῇ
157 1742 192 1783 τε
205 1714 440 1802 ὑπερφέροντα
453 1721 521 1782 τῶν
537 1713 657 1782 ἄλλων.
682 1715 718 1780 έν
731 1713 879 1782 τούτοισι
894 1717 949 1781 καί
965 1710 1061 1781 ὁΣι·

56 1810 158 1899 ληνδς
178 1827 264 1880 τοῖσι
280 1814 415 1900 κήποισι
429 1805 517 1900 ἥλω,
540 1809 586 1891 ὦς
600 1815 729 1897 λέγεται
750 1809 817 1879 ὑπὸ
837 1813 1057 1881 Μακεδόνων.

59 1909 148 1998 ὑπὲρ
158 1913 195 1979 δὲ
205 1917 273 1979 τῶν
284 1911 402 1998 κη’πων
412 1904 514 1998 οὖρος
522 1913 642 1995 κέεται,
659 1911 805 2028 Βέρμιον
815 1907 956 2030 ούνρμα,
974 1908 1059 1998 ἄβα-

59 2036 115 2078 τον
129 2007 196 2078 ὑπό
212 2036 383 2098 χειμωνος.
411 2011 573 2078 ἐνθεῦτεν
586 2005 651 2076 δέ
637 2008 853 2094 ορμεόμενοι,
876 2004 919 2086 ὡς
933 2008 1059 2094 ταύτην

57 2115 170 2195 ἔσχον,
185 2111 448 2203 κατεστρέφοντο
465 2109 518 2175 καί
533 2133 594 2193 την
609 2105 714 2192 αλλην
725 2110 952 2193 Μακεδονίην.
980 2104 1058 2175 Ἀπό
1078 2122 1129 2177 139

57 2205 179 2274 τούτου
201 2204 242 2293 δη
267 2214 329 2274 τοῦ
339 2211 543 2292 Περδίκκεω
565 2203 779 2292 Ἀλέξανδρος
801 2196 907 2273 ωδε’
890 2206 1058 2293 εγεγόυεε·

53 2303 220 2392 Ἀμύντεω
241 2321 317 2386 παῖς
336 2335 380 2424 ην
398 2305 627 2394 Ἀλέξανδρος,
652 2304 815 2393 Ἀμύντης
836 2309 871 2375 δέ
892 2305 1058 2394 Ἀλκέτεω,

53 2400 209 2470 Ἀλκέτεω
220 2403 257 2470 δὲ
268 2429 375 2491 ποιτηρ
388 2431 433 2490 ην
444 2403 609 2492 Ἀέροπος,
624 2429 685 2472 του
671 2404 733 2473 δὲ
745 2411 920 2492 Φίλιππος,
937 2413 1059 2474 Φιλίπ-

56 2528 124 2620 που
140 2503 177 2570 δὲ
199 2500 365 2589 Ἀργαῖος,
385 2511 446 2572 τοῦ
468 2505 505 2572 δέ
525 2509 712 2589 Περδίκκης
733 2501 751 2571 ὁ
772 2505 978 2590 κτησόμενος
997 2504 1059 2592 την

56 2625 170 2686 αθλην·
321 2649 323 2653 ’

137 2695 379 2786 Ἐγεγόυεεμευ
389 2697 429 2785 δὴ
443 2690 508 2767 ὦδε
519 2696 761 2783 Ἀλέξανδροςδ
774 2696 953 2788 Ἀμύντεω,
968 2698 1012 2778 ὡς
1023 2701 1059 2768 δὲ
1077 2717 1130 2771 140

56 2796 191 2866 ἀπίκετο
212 2801 246 2877 ές
266 2796 326 2877 τὰς
342 2796 485 2886 Ἀθήνας
507 2794 740 2884 ἀποπεμφθεὶς
762 2794 828 2865 ύπδ
844 2803 1055 2886 Μαρδονίου,
1070 2807 1102 2888 α)

56 2903 147 2982 ἔλεγε
161 2896 255 2964 τάδε
282 2896 419 2984 ’Ἀνδρες
435 2894 624 2984 Ἀθηναῖοι,
644 2896 841 2984 Μαρδόνιος
860 2898 940 2965 τόδε
954 2903 1059 2984 λέγει·

52 2991 141 3080 Ἐμοὶ
158 2993 331 3082 όγγελίη“
308 3022 381 3082 ηκει
390 3021 483 3118 παρα
472 2995 647 3085 βασιλέως
664 3001 808 3082 λέγουσα
829 2995 933 3064 οὕτω·
959 2994 1061 3082 Ἀθη-

58 3103 179 3162 ναίοισι
194 3091 254 3174 τὰς
268 3074 461 3183 ἁμαρταδας
476 3094 583 3177 τοὶςέξ
604 3096 772 3164 έκείνωνέ
773 3121 789 3172 ς
807 3095 862 3179 εμε
848 3094 1061 3179 γενομένας

57 3193 165 3310 πόσας
179 3202 318 3282 μετίημι
341 3222 408 3263 υυν
422 3222 457 3264 τε
468 3188 545 3283 ωδε,
560 3195 747 3282 Μαρδόνιε,
763 3199 863 3259 ποίεε
886 3192 1060 3277 τοῦτομὲν

56 3319 119 3378 την
128 3299 194 3380 γην
204 3315 265 3377 σφι
276 3291 411 3381 ἀπόδος,
426 3302 525 3364 τοῦτο
536 3293 606 3364 W
584 3303 689 3380 αλλην
698 3289 783 3379 πρὸς
796 3289 900 3378 ταύτη
911 3291 1060 3358 ἑλέσθων

58 3386 163 3476 αὐτοί,
173 3387 293 3478 ἥντινα
304 3387 511 3480 ύνέθέλωσι,
522 3393 633 3470 έόντες
644 3388 835 3476 αὐτόνομοι.
857 3388 915 3474 ίρό
926 3413 962 3454 τε
973 3385 1061 3454 πόν-
