2378 3840
121 177 140 238 8
189 270 190 273 Ἰ
501 181 754 240 ΗΕΒΟΒΟΤΙ

119 347 184 408 τίαι
198 342 307 420 ἵζοντο
327 353 412 407 τοῖσι
425 343 583 428 Πέρσησι.
612 342 762 423 ὒιθαῦτα
784 346 818 408 οἱ
831 346 957 424 Πέρσαι
975 343 1119 430 ἰδόμενοι

119 455 281 527 γυναῖκας
296 439 489 528 εὐμόρφους
507 446 623 526 ἔλεγον
642 439 726 528 πρός
742 439 909 529 Ἀμύντην
926 443 1074 530 φάμενοι
1087 442 1118 512 τό

118 540 263 628 ποιηθὲν
283 545 382 607 τοῦτο
406 537 508 608 οὐδὲν
529 537 614 607 εἶναι
632 540 760 626 σοφόν·
792 543 935 627 κρέσσον
956 539 1021 627 γάρ
1040 541 1118 610 εἶναι

119 639 268 726 ἀρχῆθεν
288 636 333 726 μὴ
355 641 468 706 ἐλθεῖν
489 635 548 716 τάς
572 652 734 723 γυναῖκας
757 633 779 724 ἦ
805 638 970 717 ἐλθούσας
998 642 1055 707 καὶ
1079 637 1117 726 μὴ

119 737 339 823 παριζομένας
357 732 470 814 ἀντίας
487 740 616 817 ἵζεσθαι
637 733 825 822 ἀλγηδόνας
845 758 906 823 σφι
923 735 1117 824 ὀφθαλμῶν.

119 835 386 921 ἀναγκαζόμενος
401 836 438 902 δὲ
453 832 644 922 όἈμύντης
659 836 789 903 ἐκέλευε
804 840 970 923 παριῖειν·
1003 845 1118 903 πειθο-

119 935 231 1022 μένων
253 935 289 1001 δὲ
307 936 376 1002 τῶν
395 941 568 1020 γυναικῶν
589 931 708 1000 αύτίκα
731 937 766 1001 οἰ
781 935 910 1018 Πέρσαι
931 941 1069 1018 μαστῶν
1088 957 1118 998 τε

46 1027 48 1030 ’
119 1033 280 1118 ἅπτοντο,
302 1029 355 1102 οἷα
376 1035 527 1115 πλεόνως
548 1037 740 1120 οἰνωμένοι,
761 1039 820 1102 καί
836 1033 900 1101 κού
921 1058 970 1110 τις
990 1035 1047 1100 καὶ
1065 1059 1113 1118 φι-

72 1145 104 1197 19
118 1135 207 1201 λέειν
220 1135 382 1219 ἐπειρᾶτο.
424 1131 584 1220 Ἀμύντης
598 1135 660 1220 μὲν
676 1130 716 1219 δὴ
732 1138 836 1200 ταῦτα
857 1129 964 1218 ὁρέων
978 1128 1117 1218 ἀτρέμας

120 1229 199 1317 εἶχε,
222 1236 340 1317 καίπερ
355 1235 571 1318 δυσφορέων,
593 1226 647 1298 οἷα
661 1229 929 1318 ὑπερδειμαίνων
942 1228 1020 1309 τούς
1031 1232 1115 1315 Πέρ

118 1351 194 1414 σας,
212 1327 426 1417 Ἀλέξανδρος
445 1329 482 1398 δὲ
503 1327 522 1397 ὁ
540 1327 708 1416 Ἀμύντεω
728 1328 864 1415 παρεῶν
882 1355 918 1396 τε
939 1330 993 1396 καί
1014 1325 1117 1413 ὁρέων
1140 1325 1152 1423 ε’

117 1433 237 1513 ταῦτα,
259 1425 317 1494 ἀπε
338 1429 414 1507 νέος
435 1446 472 1495 τε
491 1424 557 1496 ἐῶν
580 1429 636 1495 καί
658 1433 772 1493 κακῶν
793 1422 943 1512 ἀπαθής,
966 1424 1118 1512 οὐδαμῶς
1138 1430 1145 1521 „⁸

117 1529 165 1592 ἔτι
184 1525 334 1610 κατέχειν
355 1521 425 1604 οἷός
446 1533 480 1592 τ’
504 1519 566 1613 ἦν,
595 1523 679 1591 ῶστε
702 1523 738 1591 δὲ
763 1523 891 1609 βαρέως
914 1526 1028 1610 φέρων
1052 1522 1118 1590 εἷπε
1152 1568 1157 1605 ;

117 1621 201 1710 πρός
213 1620 380 1710 Ἀμύντην
393 1625 486 1693 τάδε·
508 1624 563 1692 Σύ
577 1625 655 1711 μὲν,
679 1617 706 1692 ῶ
720 1625 840 1709 πάτερ,
863 1622 929 1693 εἶκε
943 1633 982 1712 τῇ
995 1623 1118 1713 ἡλικίη,
1138 1650 1157 1707 'u'

117 1719 228 1789 ἀπιῶν
241 1746 277 1788 τε
287 1717 472 1816 ἀναπαύεο,
485 1722 567 1808 μηδὲ
580 1721 718 1804 λιπάρεε
731 1728 770 1810 τῇ
784 1721 874 1807 πόσι,
891 1718 955 1807 έγῶ
966 1721 1003 1787 δὲ
1014 1739 1119 1806 προσ·
1143 1708 1157 1813 ξῙ

117 1823 230 1909 μένων
244 1818 349 1888 αὐτοῦ
363 1827 441 1910 τῇδε
456 1820 566 1889 πάντα
581 1819 621 1888 τά
636 1822 790 1908 ἐπιτήδεα
806 1824 937 1908 παρέξω
952 1834 1039 1888 τοῖσι
1055 1825 1118 1900 ξεί·
1136 1814 1157 1913 χῖ

116 1939 215 1988 νοισι.
265 1917 357 2006 Πρός
381 1926 485 1988 ταῦτα
504 1924 617 1998 συνεὶς
644 1918 662 1988 ὁ
684 1917 862 2006 Ἀμύντης,
895 1917 947 1986 ὅτι
972 1919 1146 2049 νεῶτεραχ

117 2018 293 2105 πρήγματα
310 2017 448 2106 πρήξειν
469 2021 583 2103 μέλλοι
600 2014 829 2104 Ἀλέξανδρος,
852 2021 958 2102 λέγει’
991 2009 1032 2083 Ὦ
1050 2029 1118 2101 παῖ,
1152 2030 1157 2129 j

118 2117 237 2207 σχεδόν
251 2118 315 2205 γάρ
333 2138 394 2186 σευ
409 2115 655 2204 ἀνακαιομένου
669 2124 806 2203 συνίημι
820 2114 899 2195 τούς
912 2115 1052 2202 λόγους,
1069 2114 1119 2183 ότι
1135 2054 1157 2201 ἀχ

117 2223 244 2299 ἐθέλεις
258 2221 315 2307 έμδ
329 2221 496 2306 ἐκπέμψας
512 2223 638 2286 ποιέειν
657 2245 689 2286 τι
706 2218 887 2304 νεώτερον·
915 2213 980 2303 έγῶ
996 2208 1046 2284 ῶν
1060 2235 1120 2284 σευ
1135 2204 1157 2311 χ

115 2326 235 2409 χρηίζω
255 2321 359 2407 μηδὲν
380 2325 566 2405 νεοχμῶσαι
583 2317 658 2385 κατ’
676 2316 802 2404 ἄνδρας
821 2316 977 2400 τούτους,
999 2317 1059 2382 ἵνα
1075 2317 1119 2402 μὴ
1132 2328 1157 2415 4¹·

117 2418 276 2508 ἐξεργάση
286 2415 400 2506 ἡμέας,
415 2414 500 2486 ἀλλά
511 2413 630 2502 ἀνέχευ
642 2412 750 2502 ὁρέων
760 2413 800 2482 τά
812 2414 1010 2499 ποιεύμενα·
1034 2409 1120 2498 ἀμφὶ
1155 2480 1157 2488 ,

64 2529 102 2581 20
119 2515 155 2584 δὲ
169 2515 283 2606 ἀπόδφ
300 2522 340 2605 τῇ
355 2517 415 2603 ἐμῇ
430 2520 587 2599 πείσομαί
598 2540 658 2582 τοι.
695 2512 754 2592 Ὡς
769 2514 805 2581 δὲ
819 2509 837 2580 δ
849 2510 1011 2599 Ἀμύντης
1025 2454 1157 2619 wll-s}

115 2638 176 2695 σας
189 2616 319 2685 τούτων
330 2614 475 2701 οίχῶκεε,
488 2615 576 2699 λέγει
587 2611 605 2681 ὁ
617 2611 831 2700 Ἀλέξανδρος
842 2609 925 2697 πρὸς
939 2607 1018 2688 τούς
1028 2612 1121 2697 Πέρ-
1152 2634 1157 2743 χ

115 2739 190 2798 σας·
229 2723 408 2786 Γυναικῶν
434 2714 582 2801 τούτων,
610 2709 638 2782 ῶ
663 2721 782 2797 ξεῖνοι,
811 2711 918 2800 πολλή
943 2713 1011 2779 ἐστι
1038 2638 1157 2807 ύμῖιά4

114 2816 282 2901 εὐπέτεια,
304 2816 359 2881 καί
371 2820 401 2882 εί
413 2815 537 2902 πάσησι
552 2815 719 2901 βούλεσθε
733 2819 912 2900 μίσγεσθαι
925 2813 980 2879 καὶ
995 2807 1122 2899 ὁκοση-
1139 2802 1157 2967 χ

114 2921 198 2984 σιῶν
211 2911 348 2981 αύτέων.
371 2912 496 2980 τούτου
506 2914 569 2999 μὲν
579 2916 655 2996 πέρι
667 2908 762 2980 αύτοὶ
773 2910 1037 2998 ἀποσημανέετε·
1053 2917 1123 2978 νῦν
1148 2910 1157 2980 ’ζ’

114 3011 167 3095 δὲ,
189 3007 308 3096 σχεδόν
328 3006 393 3096 γάρ
416 3007 480 3097 ἤδη
500 3015 558 3094 τῆς
581 3015 691 3094 κοίτης
710 3006 781 3094 ῶρη
803 3009 1019 3093 προσέρχεται
1039 3003 1145 3171 ύμῖνχ

113 3111 168 3178 καὶ
182 3113 290 3184 καλῶς
307 3112 441 3190 ἔχοντας
454 3103 557 3192 ὑμέας
573 3102 659 3192 ὁρέω
672 3105 794 3191 μέθης,
809 3117 970 3190 γυναῖκας
983 3102 1122 3188 ταύτας,

113 3211 144 3274 εί
162 3201 243 3290 ύμῖν
264 3209 364 3288 φίλον
384 3205 469 3289 ἐστὶ,
497 3201 597 3270 ἀπετε
616 3203 822 3288 λούσασθαι,
852 3203 1064 3288 λουσαμένας
1086 3204 1123 3270 δὲ

113 3299 218 3372 ὀπίσω
232 3302 469 3387 προσδέκεσθε.
494 3309 589 3379 εἴπας
603 3307 723 3385 ταῦτα,
739 3301 935 3369 συνέπαινοι
949 3296 1015 3384 γάρ
1030 3295 1124 3388 ἦσαν

113 3403 147 3468 οί
159 3402 301 3485 Πέρσαι,
323 3413 485 3484 γυναῖκας
504 3397 568 3486 μὲν
588 3400 790 3480 ἐξελθούσας
810 3398 982 3488 ἀπέπεμπε
1003 3404 1038 3482 ές
1059 3402 1123 3493 τὴν

1144 3176 1157 3199 ἰΙ
