2378 3840
325 165 407 220 ΗΒ.
432 164 792 226 V1.CAP.134-137.
821 185 837 210 ·
1001 162 1065 225 119

59 329 254 412 Μαραθῶνι
266 319 373 389 πολλὰ
383 323 639 409 ἐπιμεμνημένοι
647 320 770 409 καλτὴυ
776 320 916 409 Λήμνου
923 328 1063 411 αἵρεσιν,

58 421 105 504 ὥς
122 420 208 490 έλοδν
218 420 359 508 Λήμνάν
370 447 405 489 τε
422 425 476 488 καὶ
493 421 667 506 τισάμενος
678 420 758 501 τοὺς
769 423 966 508 Πελασγούς
977 449 1063 511 παρ-

59 525 166 590 έδωκε
179 517 398 606 Ἀθηναίοισι.
422 523 694 607 προσγενομένου
713 522 750 588 δὲ
767 527 828 588 τοῦ
845 521 954 607 δήμου
972 520 1064 612 αὐτῷ

56 618 143 690 κατὰ
160 616 223 707 τήν
242 617 408 688 ἀπόλυσιν
425 624 487 686 τοῦ
498 620 667 706 θανάτου,
685 619 908 706 ζημιώσαντος
926 619 963 688 δὲ
980 621 1063 688 κατὰ

30 796 36 803 ‚
56 717 121 807 τὴν
139 716 274 805 ἀδικίην
291 717 498 806 πεντήκοντα
508 717 698 788 ταλάντοισι
710 719 899 805 Μιλτιάδης
909 721 972 807 μέν
982 718 1063 808 μετὰ

38 872 44 880 .
56 814 165 885 ταῦτα
173 814 436 903 σφακελίσαντός
443 842 479 884 τε
489 824 550 883 τοῦ
562 823 672 904 μηροῦ
680 823 735 885 καὶ
744 823 906 900 σαπέντος
914 827 1063 911 τελευτᾷ,

56 913 99 984 τά
112 916 149 982 δὲ
161 913 368 1002 πεντήκοντα
378 913 523 981 τάλαντα
535 917 657 999 ἐξέτισε
670 913 687 982 ὁ
701 932 776 996 παῖς
787 914 895 986 αὐτοῦ
905 925 1033 1006 Κίμων.

123 1021 263 1101 Λῆμνον
275 1016 312 1082 δέ
319 1013 508 1100 Μιλτιάδης
519 1012 537 1082 ὁ
550 1021 705 1100 Κίμωνος
716 1008 782 1083 οἶδε
793 1022 881 1102 ἔσχε·
896 1022 1065 1103 Πελασγοὶ
1073 1030 1125 1086 137

57 1115 169 1182 ἐπείτε
190 1117 227 1181 ἐκ
239 1121 297 1200 τῆς
310 1110 456 1200 Ἀττικῆς
467 1112 535 1182 ὑπὸ
545 1112 732 1200 Ἀθηναίων
745 1116 985 1204 ἐξεβλήθησαν,
998 1125 1064 1184 είτε

58 1204 111 1281 οἷν
122 1210 164 1298 δή
177 1216 312 1293 δικαίως
325 1222 390 1280 είτε
401 1210 539 1305 ἀδίκως·
563 1219 660 1281 τοῦτο
679 1212 743 1301 γὰρ
762 1211 826 1282 οάκ
844 1221 907 1302 ἔχω
925 1217 1063 1303 φράσαι,

59 1308 150 1398 πλήν
157 1309 197 1378 τά
205 1311 379 1398 λεγόμενα,
387 1309 439 1379 ὅτι
447 1310 613 1393 Ἑκαταῖος
623 1310 951 1403 μένὸἩγησάνδρου
960 1321 1065 1401 ἐφησε

59 1413 190 1478 ἐντοῖσι
197 1407 441 1495 λόγοισιλέγωυ
448 1410 584 1492 ἀδίκως·
602 1414 711 1481 ἐπείτε
718 1413 781 1501 γὰρ
789 1413 959 1493 ίδεῖντούς
966 1412 1064 1501 Ἀθη-

58 1513 178 1586 ναίους
194 1505 257 1594 τήν
273 1508 406 1596 χώρην,
424 1508 487 1596 τήν
501 1517 596 1596 σφίσι
608 1509 739 1579 αὐτοῖσι
749 1510 816 1579 ὑπὸ
828 1511 889 1578 τὸν
901 1511 1066 1598 Ὑμησσὸν

57 1611 184 1677 ἐοῦσαν
201 1609 322 1674 ἔδοσαν
336 1611 467 1692 οίκήσαι
482 1609 610 1691 μισθὸν
623 1611 685 1673 τοῦ
699 1611 819 1691 τείχεος
833 1611 900 1671 τοῦ
915 1609 991 1692 περὶ
1004 1599 1067 1692 τήν

57 1702 245 1792 ἀκρόπολίν
258 1730 336 1772 κοτε
351 1706 566 1792 ἐληλαμένου,
580 1704 707 1790 ταύτην
719 1702 763 1783 ὡς
777 1708 862 1772 ίδεῑν
874 1701 953 1784 τούς
963 1702 1067 1791 Ἀθη-

58 1811 177 1881 ναίους
194 1804 436 1889 ἐξεργασμένην
458 1795 514 1889 εὖ,
537 1800 599 1888 τήν
619 1800 785 1888 πρότερον
803 1800 887 1868 εἶναι
909 1801 1017 1888 κακήν
1030 1799 1066 1869 τε

57 1902 115 1968 καὶ
129 1904 191 1966 τοῦ
204 1897 348 1986 μηδενὸς
364 1898 470 1987 ἀξίην,
486 1898 752 1986 λαβεῖνφθόνον
765 1924 800 1965 τε
811 1902 866 1966 καλ
879 1902 997 1983 ἵμερον
1007 1903 1066 1982 τής

59 2006 136 2087 γῆς,
155 2001 209 2067 καὶ
225 1998 313 2067 οὕτω
330 2001 521 2082 ἐξελαύνειν
538 1998 661 2080 αὐτοὺς
681 1997 841 2088 οὐδεμίαν
861 1998 967 2087 άλληυ
981 1998 1068 2086 πρό-

58 2117 166 2188 φασιν
176 2103 438 2187 προϊσχομένους
448 2101 527 2180 τούς
534 2098 750 2188 Ἀθηναίους·
763 2097 807 2180 ὡς
819 2102 855 2169 δὲ
863 2097 1069 2185 αάτολἉθη-

59 2214 148 2270 ναίον
159 2202 304 2286 λέγουσι,
317 2204 452 2280 δικαίως
462 2200 621 2282 ἐξελάσαι.
638 2203 898 2286 κατοικημένους
910 2196 974 2285 γάρ
986 2194 1067 2276 τοῦς

59 2294 255 2383 Πελασγοὺς
269 2294 334 2364 ὑπὸ
351 2304 397 2387 τῷ
406 2295 557 2388 Ὑμησσῷ
572 2290 733 2365 ἐνθεῦτεν
748 2293 973 2381 ὁρμεομέυους
990 2289 1066 2361 ἀδι-

57 2399 149 2465 κέειν
163 2395 258 2479 τάδεζ
282 2402 405 2480 φοιτᾶν
419 2393 484 2481 γάρ
496 2396 559 2463 αίελ
569 2392 629 2474 τάς
638 2395 799 2480 σφετέρας
810 2394 999 2478 θυγατέρας
1010 2386 1063 2457 ἐπ’

57 2492 153 2580 ὕδωρ
168 2495 221 2561 ἐπὶ
239 2489 301 2579 τήν
318 2490 584 2580 Ἐννεάκρουνον
607 2488 663 2559 ὀὗ
677 2490 742 2578 γάρ
765 2490 849 2559 εἶναι
863 2498 985 2559 τοῦτον
1004 2484 1065 2556 τὸν

56 2590 184 2680 χρόνον
194 2598 289 2678 σφίσι
299 2618 348 2658 κω
358 2588 437 2658 οὐδὲ
446 2604 531 2658 τοῖσι
540 2588 808 2674 ἀλλοισιἝλλησι
819 2589 963 2682 οίκέταςῇ
980 2585 1067 2663 ὅκως

57 2689 95 2757 δὲ
112 2693 246 2756 ἔλθοιεν
257 2680 367 2774 αὗται,
379 2685 459 2766 τούς
467 2684 663 2773 Πελασγοὺς
673 2683 740 2753 ὑπὸ
746 2684 871 2774 Ιὕβριός
882 2711 917 2753 τε
928 2688 982 2753 καλ
994 2681 1066 2753 ὀλι-

56 2792 182 2873 γωρίης
193 2792 332 2872 βιᾶσθαι
345 2783 457 2872 σφέας.
471 2789 638 2853 καὶταῦτα
647 2787 760 2871 μέντοι
772 2803 833 2870 σφι
844 2779 1065 2868 οὐκάποχρᾶν

56 2884 201 2967 ποιέειν,
217 2879 301 2950 ἀλλά
312 2887 406 2960 τέλος
415 2885 470 2950 καλ
485 2881 765 2969 ἐπιβουλεύοντας
775 2880 995 2966 ἐπιχειρήσειν
1010 2877 1063 2946 ἐπ’

57 2977 247 3069 αὐτοφώρῳ
263 2985 420 3066 φανῆναι.
445 2977 591 3056 ἑωυτοὺς
602 2980 638 3044 δέ
650 2981 808 3064 γενέσθαι
819 2975 968 3064 τοσοάτφ
979 2978 1068 3044 ἐκεί·

13 3119 19 3129 ⁴
56 3102 129 3146 νων
145 3074 270 3163 ἀνδρας
285 3073 479 3162 ἀμείνονας,
498 3073 565 3166 ὅσῳ
583 3070 711 3161 παρεὸν
727 3071 856 3141 αὐτοῖσι
871 3069 1066 3141 ἀποκτείναι

56 3173 138 3255 τούς
148 3172 355 3261 Πελασγοὺς,
371 3176 445 3243 ἐπεί
452 3195 556 3260 σφεας
568 3179 689 3260 ἔλαβον
699 3170 989 3260 ἐπιβουλεύοντας,
1001 3168 1066 3239 οὐκ

56 3280 234 3361 ἐθελῆσαι,
256 3269 342 3361 ἀλλά
355 3294 416 3360 σφι
433 3287 607 3360 προειπεῖν
628 3274 664 3340 ἐκ
681 3279 738 3360 τῆς
752 3277 813 3358 γῆς
827 3272 956 3351 ἐξιέναι.
985 3268 1066 3350 τοὺς
1088 3278 1099 3291 “

56 3374 95 3442 δέ
114 3369 202 3438 οὕτω
224 3369 263 3454 δή
282 3371 533 3459 ἐκχωρήσαντας
555 3368 639 3438 ἀλλα
659 3396 696 3438 τε
712 3382 803 3454 σχεῖν
823 3373 927 3456 χωρία
948 3370 1003 3436 καὶ
1022 3365 1064 3454 δή
