2378 3840
131 175 195 238 808
510 179 762 239 HERODOTI

135 345 269 427 δέτεροι.
292 337 313 426 ἡ
328 343 441 426 μέντοι
455 341 555 416 ἵππος
568 334 589 423 ἡ
602 342 805 425 Μαρδονίου
820 344 883 408 αίεδ
895 344 1102 427 προσεκέετύ
1114 369 1148 412 τε

133 443 188 509 καὶ
204 440 324 510 ἐλύπεε
337 434 599 523 τούςἝλληνας·
622 442 655 505 σί
666 433 731 524 γάρ
743 444 895 524 Θηβαῖοι,
910 436 968 507 ἅτε
985 444 1147 528 μηδίζον-

133 564 186 617 τες
203 537 370 625 μεγάλως,
398 535 584 622 προθύμως
605 540 729 622 έρερον
749 532 811 603 τὸν
830 535 979 624 πόλεμον
1002 542 1062 608 καὶ
1083 544 1145 609 alsi

134 640 333 724 κατηγέοντο
348 638 442 724 μέχρι
456 634 578 721 μάχης,
593 631 631 703 τό
648 635 685 702 δέ
696 631 763 702 άπὸ
774 634 898 703 τούτου
908 636 1146 726 παραδεκόμε-

133 765 187 806 νοι
204 739 331 821 Πέρσαι
352 761 387 802 τε
411 735 465 802 καὶ
481 738 595 820 Μῆδοι
615 734 705 821 μάλα
725 739 825 803 ἔσκον
846 742 882 804 οἳ
900 733 1145 805 ἀπεδείκνυντο

134 861 261 923 αρετας.

86 949 116 1003 11
217 933 326 1019 Μέχρι
341 932 403 1018 μέν
417 958 482 1000 νυν
501 938 570 998 τῶν
585 931 665 999 δέκα
682 929 834 1018 ἡμερέων
848 929 949 1000 ούδὲν
966 935 1020 1000 έπὶ
1035 939 1144 1001 πλεῦν

132 1038 259 1121 ἐγίνετο
279 1032 427 1118 τούτων,
450 1028 495 1110 ὡς
515 1032 553 1098 δέ
567 1029 727 1114 ἑνδεκάτη
749 1029 901 1116 ἐγεγόνεε
917 1029 1025 1120 ἡμέρη
1047 1029 1143 1102 άντι·

131 1131 344 1216 κατημένοισι
357 1131 394 1198 έν
401 1133 597 1216 Πλαταιῇσι,
608 1131 644 1195 ολ
651 1153 687 1196 τε
697 1125 901 1215 δὴἝλληνες
912 1137 1027 1221 πολλςό
1038 1137 1143 1200 πλεῦ-

134 1258 187 1311 νες
198 1229 408 1318 έγεγύνεσαν,
420 1231 474 1296 καὶ
486 1227 683 1312 Μαρδόνιος
697 1230 910 1315 περιημέκτεε
921 1235 962 1317 τῇ
973 1231 1067 1319 ἕδρη.
1088 1233 1143 1299 έν-

130 1338 243 1401 θαύτα
263 1333 296 1410 ές
315 1329 438 1415 λόγους
450 1320 562 1415 ἦλθον
585 1325 780 1413 Μαρδόνιός
800 1352 837 1394 τε
856 1324 875 1395 ὁ
891 1330 1065 1416 Γοβρύεω
1089 1332 1143 1398 καί

128 1426 323 1516 Ἀρτάβαζος
334 1425 352 1496 ὁ
366 1426 571 1514 Φαρνάκεος,
584 1422 622 1504 ὃς
632 1428 669 1494 έν
679 1423 985 1514 ὀλίγοισιΠερσέυν
995 1420 1043 1516 ἦν
1053 1426 1141 1517 ἀνὴρ

131 1528 268 1613 δόκιμος
278 1523 489 1613 παρύΞέρξη.
503 1526 761 1612 βουλευομένων
772 1524 810 1594 δέ
820 1529 894 1594 αἵδε
904 1519 993 1615 ἦσαν
1004 1533 1043 1598 τί
1051 1535 1141 1615 γνά-
1179 1567 1181 1637 ρ

39 1662 43 1669 =
131 1653 205 1714 μαι,
222 1621 243 1712 ἡ
259 1625 320 1710 μὲν
331 1621 549 1711 Ἀρταβάζου,
567 1619 613 1702 ὥς
627 1621 736 1712 χρεάν
750 1634 800 1712 εἴη
815 1622 1066 1709 ἀναζεύξαντας
1080 1628 1140 1717 τὴν

130 1729 284 1809 ταχίστην
305 1722 414 1791 πάντα
431 1720 492 1790 τόν
511 1719 654 1807 στρατόν
675 1725 762 1792 ίέναι
779 1727 811 1804 ές
829 1723 866 1793 τό
888 1741 993 1813 τεῖχος
1016 1725 1055 1797 τδ
1069 1737 1136 1816 θη·

130 1827 252 1909 βαίοιν,
268 1826 355 1890 ἔνθα
368 1820 462 1890 σίτύν
478 1824 516 1889 τέ
529 1839 594 1912 σφι
605 1824 834 1908 ἐσενηνεῖχθαι
849 1823 977 1892 πολλὸν
991 1829 1050 1894 καί
1060 1826 1138 1915 χόρ-

129 1945 189 1988 τον
208 1933 299 1987 τοῖσι»
312 1916 536 2006 ὑποζυγίοισι,
557 1917 630 1988 κατ’
654 1917 797 2007 ἡσυχίην
813 1947 848 1988 τε
868 1925 1044 2008 ἱζομένους
1067 1931 1137 1996 δια-

129 2017 339 2106 πρήσσεσθαι
360 2025 538 2097 ποιεύντας
553 2019 641 2086 τάδε.
673 2025 760 2105 έχειν
774 2018 840 2106 γὰρ
860 2019 989 2106 χρυσδν
1010 2023 1138 2094 πολλόν

128 2115 190 2202 μέν
204 2118 377 2201 ἐπίσημον,
391 2112 520 2185 πολλὸν
531 2115 567 2184 δέ
577 2118 633 2185 καὶ
647 2114 789 2204 άσημον,
805 2115 932 2186 πολλόν
947 2119 984 2186 δὲ
1002 2123 1062 2190 καὶ
1080 2121 1130 2210 ύρ·

127 2213 236 2301 γυρύν
256 2237 291 2279 τε
312 2215 367 2281 καί
384 2211 576 2300 έκπύματα·
601 2214 732 2283 τούτων
747 2219 969 2302 φειδομένους
990 2219 1136 2305 μηδενός

128 2313 325 2396 διαπέμπειν
348 2312 380 2388 ἐς
400 2308 479 2388 τούς
494 2307 672 2398 Ἕλληνας,
692 2309 862 2399 Ἑλλήνων
883 2311 919 2381 δέ
938 2314 1090 2400 μάλιστα
1108 2318 1137 2395 ές

126 2406 205 2487 τούς
220 2416 445 2494 προεστεῶτας
459 2411 496 2476 έν
513 2415 588 2498 τῇσι
601 2409 725 2496 πόλισι,
741 2412 796 2478 καὶ
811 2415 933 2497 ταχέας
949 2417 1059 2499 σφέας
1075 2441 1136 2484 πα-

127 2505 293 2595 ραδύσειν
312 2502 375 2591 τὴν
397 2508 613 2594 ἐλευθερίην,
640 2509 724 2628 μηδὲ
743 2505 1028 2582 ἀνακινδυνεύειν
1050 2535 1137 2602 συμ-

126 2602 320 2690 βάλλοντας.
343 2602 466 2670 τούτου
476 2607 539 2689 μέν
554 2629 653 2692 νυνη
669 2601 752 2692 αύτη
741 2602 895 2693 ἐγένετο
907 2611 962 2678 καί
974 2619 1137 2701 Θηβαίαν

125 2701 253 2788 γνάμη,
270 2698 314 2778 ὡς
330 2703 530 2787 προειδότος
538 2710 646 2773 πλεῦν
658 2729 690 2771 τι
707 2705 763 2772 καὶ
777 2703 900 2772 τούτου
901 2713 1136 2796 ,Μαρδονίου

125 2802 161 2868 δὲ
175 2800 369 2886 ἰσχυροτέρη
384 2825 420 2867 τε
439 2804 494 2870 καί
511 2798 788 2922 ἀγνωμονεστέρη
803 2828 859 2870 και
847 2801 1033 2891 οὐδαμῶς
1050 2830 1134 2931 συγ-

123 2899 364 2985 γινωσκομένη.
387 2901 517 2968 δοκέειν
529 2926 565 2968 τε
581 2897 646 2987 γάρ
660 2907 774 2993 πολλῷ
788 2906 954 2988 κρέσσονα
969 2903 1112 2976 εἰναι
1076 2936 1136 3031 την

124 2998 290 3081 σφετέρην
311 2993 469 3083 στρατιην
488 3003 546 3085 τῆς
561 2996 770 3086 Ἑλληνικῆς,
792 3000 999 3087 συμβάλλειν
1022 3033 1062 3074 τε
1076 3007 1137 3096 τὴν

123 3099 278 3178 ταχίστην
291 3093 375 3179 μηδὲ
384 3102 547 3184 περιορᾶν
562 3099 829 3218 συλλεγομένους
842 3104 889 3168 ἔτι
903 3107 1059 3185 πλεῦνας
1069 3114 1137 3176 τῶν

123 3191 406 3276 συλλελεγμένων,
421 3218 462 3260 τα
472 3219 508 3262 τε
519 3195 648 3282 σφαγια
658 3223 698 3263 τα
710 3195 976 3284 Ἡγησιστράτου
987 3203 1054 3271 έᾶν
1064 3215 1137 3292 χαλ-

123 3312 196 3373 ρειτ
210 3288 293 3372 μηδὲ
310 3290 502 3379 βιάζεσθαι,
530 3289 615 3363 ἄλλά
635 3294 783 3387 νόμην
752 3322 798 3363 τω
783 3300 975 3383 Περσέων
993 3307 1137 3393 χρεομέ-

64 3401 103 3453 εκ
117 3410 203 3465 νους
216 3386 436 3477 συμβάλλειν.
454 3391 592 3460 Τούτον
603 3392 697 3460 δὲ
654 3418 744 3460 ουτοι
755 3396 965 3474 δικαιεῦντος
975 3394 1137 3490 άντέλεγι
