<?xml version="1.0" encoding="UTF-8"?>
<!DOCTYPE html PUBLIC "-//W3C//DTD XHTML 1.0 Transitional//EN"
    "http://www.w3.org/TR/xhtml1/DTD/xhtml1-transitional.dtd">
<html xmlns="http://www.w3.org/1999/xhtml" xml:lang="en" lang="en">
 <head>
  <title>
</title>
<meta http-equiv="Content-Type" content="text/html;charset=utf-8" />
  <meta name='ocr-system' content='tesseract 3.04.00' />
  <meta name='ocr-capabilities' content='ocr_page ocr_carea ocr_par ocr_line ocrx_word'/>
</head>
<body>
  <div class='ocr_page' id='page_1' title='image "./herodotihistori01herogoog_0350.png"; bbox 0 0 2378 3840; ppageno 0'>
   <div class='ocr_carea' id='block_1_1' title="bbox 342 205 1079 270">
    <p class='ocr_par' dir='ltr' id='par_1_1' title="bbox 342 205 1079 270">
     <span class='ocr_line' id='line_1_1' title="bbox 342 205 1079 270; baseline 0.005 -4"><span class='ocrx_word' id='word_1_1' title='bbox 342 208 426 266; x_wconf 88' lang='lat' dir='ltr'><strong>LlB.</strong></span> <span class='ocrx_word' id='word_1_2' title='bbox 458 207 504 264; x_wconf 86' lang='lat' dir='ltr'><strong><em>IX.</em></strong></span> <span class='ocrx_word' id='word_1_3' title='bbox 537 205 637 264; x_wconf 83' lang='lat' dir='ltr'><strong>CAP.</strong></span> <span class='ocrx_word' id='word_1_4' title='bbox 667 211 801 269; x_wconf 75' lang='lat'><strong>74-·79</strong></span> <span class='ocrx_word' id='word_1_5' title='bbox 1017 206 1079 270; x_wconf 76' lang='lat'><strong><em>325</em></strong></span> 
     </span>
    </p>
   </div>
   <div class='ocr_carea' id='block_1_2' title="bbox 65 360 1127 3500">
    <p class='ocr_par' dir='ltr' id='par_1_2' title="bbox 65 360 1127 3500">
     <span class='ocr_line' id='line_1_2' title="bbox 77 360 1079 454; baseline -0.005 -14"><span class='ocrx_word' id='word_1_6' title='bbox 77 369 143 440; x_wconf 78' lang='grc' dir='ltr'><strong><em>ἐάν</em></strong></span> <span class='ocrx_word' id='word_1_7' title='bbox 159 375 226 437; x_wconf 81' lang='grc' dir='ltr'><strong><em>τῶν</em></strong></span> <span class='ocrx_word' id='word_1_8' title='bbox 241 369 317 454; x_wconf 77' lang='grc' dir='ltr'><strong><em>περὶ</em></strong></span> <span class='ocrx_word' id='word_1_9' title='bbox 331 368 480 443; x_wconf 77' lang='grc' dir='ltr'><strong><em>ἐκείνους</em></strong></span> <span class='ocrx_word' id='word_1_10' title='bbox 493 360 572 442; x_wconf 89' lang='grc' dir='ltr'><strong><em>τούς</em></strong></span> <span class='ocrx_word' id='word_1_11' title='bbox 586 362 717 449; x_wconf 69' lang='grc' dir='ltr'><strong><em>χοίρους</em></strong></span> <span class='ocrx_word' id='word_1_12' title='bbox 734 369 930 453; x_wconf 81' lang='grc' dir='ltr'><strong><em>οἰκημένων.</em></strong></span> <span class='ocrx_word' id='word_1_13' title='bbox 967 374 1079 436; x_wconf 80' lang='grc' dir='ltr'><strong><em>Ταῦτα</em></strong></span> 
     </span>
     <span class='ocr_line' id='line_1_3' title="bbox 77 464 1078 556; baseline -0.001 -18"><span class='ocrx_word' id='word_1_14' title='bbox 77 478 171 548; x_wconf 88' lang='grc' dir='ltr'><strong><em>είπας</em></strong></span> <span class='ocrx_word' id='word_1_15' title='bbox 193 465 270 536; x_wconf 91' lang='grc' dir='ltr'><strong><em>τότε</em></strong></span> <span class='ocrx_word' id='word_1_16' title='bbox 285 465 348 554; x_wconf 68' lang='grc' dir='ltr'><strong><em>μὲν</em></strong></span> <span class='ocrx_word' id='word_1_17' title='bbox 372 465 530 552; x_wconf 77' lang='grc' dir='ltr'><strong><em>ἐπέτρεψε</em></strong></span> <span class='ocrx_word' id='word_1_18' title='bbox 551 470 621 532; x_wconf 80' lang='grc' dir='ltr'><strong><em>τῶν</em></strong></span> <span class='ocrx_word' id='word_1_19' title='bbox 640 464 776 552; x_wconf 82' lang='grc' dir='ltr'><strong><em>ἐφόρων</em></strong></span> <span class='ocrx_word' id='word_1_20' title='bbox 796 480 881 535; x_wconf 77' lang='grc' dir='ltr'><strong><em>τολσι</em></strong></span> <span class='ocrx_word' id='word_1_21' title='bbox 904 474 1078 556; x_wconf 82' lang='grc' dir='ltr'><strong><em>παρεοῦσι,</em></strong></span> 
     </span>
     <span class='ocr_line' id='line_1_4' title="bbox 74 559 1079 653; baseline -0.002 -18"><span class='ocrx_word' id='word_1_22' title='bbox 74 566 219 653; x_wconf 78' lang='grc' dir='ltr'><strong><em>ὕστερον</em></strong></span> <span class='ocrx_word' id='word_1_23' title='bbox 231 563 268 632; x_wconf 67' lang='grc' dir='ltr'><strong><em>δὲ</em></strong></span> <span class='ocrx_word' id='word_1_24' title='bbox 278 560 450 650; x_wconf 73' lang='grc' dir='ltr'><strong><em>ἀπέπεμψε</em></strong></span> <span class='ocrx_word' id='word_1_25' title='bbox 460 564 495 641; x_wconf 83' lang='grc' dir='ltr'><strong><em>ές</em></strong></span> <span class='ocrx_word' id='word_1_26' title='bbox 504 570 659 649; x_wconf 83' lang='grc' dir='ltr'><strong><em>Αίγιναν,</em></strong></span> <span class='ocrx_word' id='word_1_27' title='bbox 670 565 703 642; x_wconf 87' lang='grc' dir='ltr'><strong><em>ές</em></strong></span> <span class='ocrx_word' id='word_1_28' title='bbox 713 560 776 650; x_wconf 82' lang='grc' dir='ltr'><strong><em>τήν</em></strong></span> <span class='ocrx_word' id='word_1_29' title='bbox 786 559 870 651; x_wconf 82' lang='grc' dir='ltr'><strong><em>αύτή</em></strong></span> <span class='ocrx_word' id='word_1_30' title='bbox 884 562 988 651; x_wconf 86' lang='grc' dir='ltr'><strong><em>ήθελε</em></strong></span> <span class='ocrx_word' id='word_1_31' title='bbox 999 562 1079 633; x_wconf 83' lang='grc' dir='ltr'><strong><em>ἀπι-</em></strong></span> 
     </span>
     <span class='ocr_line' id='line_1_5' title="bbox 74 657 1127 748; baseline -0.007 -14"><span class='ocrx_word' id='word_1_32' title='bbox 74 667 204 734; x_wconf 87' lang='grc' dir='ltr'><strong><em>κέσθαι.</em></strong></span> <span class='ocrx_word' id='word_1_33' title='bbox 238 659 336 731; x_wconf 84' lang='grc' dir='ltr'><strong><em>Μετά</em></strong></span> <span class='ocrx_word' id='word_1_34' title='bbox 351 662 388 731; x_wconf 71' lang='grc' dir='ltr'><strong><em>δέ</em></strong></span> <span class='ocrx_word' id='word_1_35' title='bbox 400 657 464 748; x_wconf 84' lang='grc' dir='ltr'><strong><em>τήν</em></strong></span> <span class='ocrx_word' id='word_1_36' title='bbox 483 658 597 740; x_wconf 83' lang='grc' dir='ltr'><strong><em>ἀπιξιν</em></strong></span> <span class='ocrx_word' id='word_1_37' title='bbox 612 667 670 746; x_wconf 88' lang='grc' dir='ltr'><strong><em>τής</em></strong></span> <span class='ocrx_word' id='word_1_38' title='bbox 688 658 850 746; x_wconf 84' lang='grc' dir='ltr'><strong><em>γυναικός</em></strong></span> <span class='ocrx_word' id='word_1_39' title='bbox 865 659 984 729; x_wconf 76' lang='grc' dir='ltr'><strong><em>αὐτίκα</em></strong></span> <span class='ocrx_word' id='word_1_40' title='bbox 997 658 1078 748; x_wconf 87' lang='grc' dir='ltr'><strong><em>μετά</em></strong></span> <span class='ocrx_word' id='word_1_41' title='bbox 1093 670 1127 727; x_wconf 80' lang='grc'><strong><em>77</em></strong></span> 
     </span>
     <span class='ocr_line' id='line_1_6' title="bbox 76 753 1079 844; baseline -0.006 -13"><span class='ocrx_word' id='word_1_42' title='bbox 76 769 179 831; x_wconf 81' lang='grc' dir='ltr'><strong><em>ταῦτα</em></strong></span> <span class='ocrx_word' id='word_1_43' title='bbox 194 759 353 829; x_wconf 76' lang='grc' dir='ltr'><em>ἀπίκοντο</em></span> <span class='ocrx_word' id='word_1_44' title='bbox 370 760 558 837; x_wconf 77' lang='grc' dir='ltr'><strong><em>Μαντινέες</em></strong></span> <span class='ocrx_word' id='word_1_45' title='bbox 572 753 626 825; x_wconf 81' lang='grc' dir='ltr'><strong><em>ἐπ’</em></strong></span> <span class='ocrx_word' id='word_1_46' title='bbox 639 759 923 843; x_wconf 76' lang='grc' dir='ltr'><strong><em>ἐξεργασμένοισι·</em></strong></span> <span class='ocrx_word' id='word_1_47' title='bbox 945 757 1079 844; x_wconf 84' lang='grc' dir='ltr'><strong><em>μαθόν-</em></strong></span> 
     </span>
     <span class='ocr_line' id='line_1_7' title="bbox 74 854 1079 947; baseline -0.002 -19"><span class='ocrx_word' id='word_1_48' title='bbox 74 886 128 939; x_wconf 92' lang='grc' dir='ltr'><strong><em>τες</em></strong></span> <span class='ocrx_word' id='word_1_49' title='bbox 142 861 178 928; x_wconf 79' lang='grc' dir='ltr'><strong><em>δέ</em></strong></span> <span class='ocrx_word' id='word_1_50' title='bbox 190 857 241 927; x_wconf 83' lang='grc' dir='ltr'><strong><em>ότι</em></strong></span> <span class='ocrx_word' id='word_1_51' title='bbox 252 857 386 947; x_wconf 88' lang='grc' dir='ltr'><strong><em>ύστεροι</em></strong></span> <span class='ocrx_word' id='word_1_52' title='bbox 398 854 520 945; x_wconf 88' lang='grc' dir='ltr'><strong><em>ήυουσι</em></strong></span> <span class='ocrx_word' id='word_1_53' title='bbox 529 863 586 943; x_wconf 79' lang='grc' dir='ltr'><strong><em>τῆς</em></strong></span> <span class='ocrx_word' id='word_1_54' title='bbox 597 862 777 944; x_wconf 79' lang='grc' dir='ltr'><strong><em>συμβολῆς,</em></strong></span> <span class='ocrx_word' id='word_1_55' title='bbox 793 856 974 945; x_wconf 84' lang='grc' dir='ltr'><strong><em>συμφορήν</em></strong></span> <span class='ocrx_word' id='word_1_56' title='bbox 986 860 1079 926; x_wconf 77' lang='grc' dir='ltr'><strong><em>ἕποι-</em></strong></span> 
     </span>
     <span class='ocr_line' id='line_1_8' title="bbox 75 954 1076 1046; baseline -0.002 -18"><span class='ocrx_word' id='word_1_57' title='bbox 75 966 174 1028; x_wconf 86' lang='grc' dir='ltr'><strong><em>εύντο</em></strong></span> <span class='ocrx_word' id='word_1_58' title='bbox 195 959 344 1046; x_wconf 79' lang='grc' dir='ltr'><strong><em>μεγάλην</em></strong></span> <span class='ocrx_word' id='word_1_59' title='bbox 363 954 453 1038; x_wconf 76' lang='grc' dir='ltr'><strong><em>ἀξιοί</em></strong></span> <span class='ocrx_word' id='word_1_60' title='bbox 470 980 505 1024; x_wconf 80' lang='grc' dir='ltr'><strong><em>τε</em></strong></span> <span class='ocrx_word' id='word_1_61' title='bbox 526 961 657 1039; x_wconf 77' lang='grc' dir='ltr'><strong><em>ἔφασαν</em></strong></span> <span class='ocrx_word' id='word_1_62' title='bbox 680 954 763 1024; x_wconf 75' lang='grc' dir='ltr'><strong><em>εἶναι</em></strong></span> <span class='ocrx_word' id='word_1_63' title='bbox 781 959 887 1041; x_wconf 85' lang='grc' dir='ltr'><strong><em>σφέας</em></strong></span> <span class='ocrx_word' id='word_1_64' title='bbox 907 963 1076 1044; x_wconf 74' lang='grc' dir='ltr'><strong><em>ζημιῶσαι.</em></strong></span> 
     </span>
     <span class='ocr_line' id='line_1_9' title="bbox 73 1049 1077 1144; baseline -0.003 -17"><span class='ocrx_word' id='word_1_65' title='bbox 73 1057 330 1144; x_wconf 76' lang='grc' dir='ltr'><strong><em>πυνθανόμενοι</em></strong></span> <span class='ocrx_word' id='word_1_66' title='bbox 353 1055 390 1124; x_wconf 78' lang='grc' dir='ltr'><strong><em>δδ</em></strong></span> <span class='ocrx_word' id='word_1_67' title='bbox 410 1051 490 1133; x_wconf 74' lang='grc' dir='ltr'><strong><em>τοὺς</em></strong></span> <span class='ocrx_word' id='word_1_68' title='bbox 508 1052 652 1139; x_wconf 89' lang='grc' dir='ltr'><strong><em>Μήδους</em></strong></span> <span class='ocrx_word' id='word_1_69' title='bbox 670 1049 751 1131; x_wconf 82' lang='grc' dir='ltr'><strong><em>τούς</em></strong></span> <span class='ocrx_word' id='word_1_70' title='bbox 773 1051 855 1139; x_wconf 78' lang='grc' dir='ltr'><strong><em>Ιμετά</em></strong></span> <span class='ocrx_word' id='word_1_71' title='bbox 877 1051 1077 1143; x_wconf 76' lang='grc' dir='ltr'><strong><em>Ἀρταβάζου</em></strong></span> 
     </span>
     <span class='ocr_line' id='line_1_10' title="bbox 73 1153 1077 1242; baseline -0.004 -17"><span class='ocrx_word' id='word_1_72' title='bbox 73 1154 273 1242; x_wconf 86' lang='grc' dir='ltr'><strong><em>φεύγοντας,</em></strong></span> <span class='ocrx_word' id='word_1_73' title='bbox 285 1153 426 1232; x_wconf 88' lang='grc' dir='ltr'><strong><em>τούτους</em></strong></span> <span class='ocrx_word' id='word_1_74' title='bbox 436 1155 577 1221; x_wconf 78' lang='grc' dir='ltr'><strong><em>ἐδίωκον</em></strong></span> <span class='ocrx_word' id='word_1_75' title='bbox 587 1153 682 1238; x_wconf 85' lang='grc' dir='ltr'><strong><em>μέχρι</em></strong></span> <span class='ocrx_word' id='word_1_76' title='bbox 693 1157 892 1239; x_wconf 72' lang='grc' dir='ltr'><strong><em>Θεσσαλίης·</em></strong></span> <span class='ocrx_word' id='word_1_77' title='bbox 910 1159 1077 1222; x_wconf 86' lang='grc' dir='ltr'><strong><em>Λακεδαι-</em></strong></span> 
     </span>
     <span class='ocr_line' id='line_1_11' title="bbox 72 1248 1076 1342; baseline -0.001 -21"><span class='ocrx_word' id='word_1_78' title='bbox 72 1253 185 1342; x_wconf 90' lang='grc' dir='ltr'><strong><em>μόνιοι</em></strong></span> <span class='ocrx_word' id='word_1_79' title='bbox 199 1252 236 1321; x_wconf 74' lang='grc' dir='ltr'><strong><em>δέ</em></strong></span> <span class='ocrx_word' id='word_1_80' title='bbox 250 1249 314 1320; x_wconf 91' lang='grc' dir='ltr'><strong><em>ούκ</em></strong></span> <span class='ocrx_word' id='word_1_81' title='bbox 333 1257 399 1321; x_wconf 84' lang='grc' dir='ltr'><strong><em>έων</em></strong></span> <span class='ocrx_word' id='word_1_82' title='bbox 415 1250 605 1339; x_wconf 82' lang='grc' dir='ltr'><strong><em>φεύγοντας</em></strong></span> <span class='ocrx_word' id='word_1_83' title='bbox 621 1248 767 1319; x_wconf 84' lang='grc' dir='ltr'><strong><em>διάκειυ.</em></strong></span> <span class='ocrx_word' id='word_1_84' title='bbox 796 1254 832 1319; x_wconf 87' lang='grc' dir='ltr'><strong><em>οί</em></strong></span> <span class='ocrx_word' id='word_1_85' title='bbox 850 1250 886 1320; x_wconf 70' lang='grc' dir='ltr'><strong><em>δὲ</em></strong></span> <span class='ocrx_word' id='word_1_86' title='bbox 901 1249 1076 1339; x_wconf 80' lang='grc' dir='ltr'><strong><em>ἀναχωρή-</em></strong></span> 
     </span>
     <span class='ocr_line' id='line_1_12' title="bbox 73 1346 1077 1440; baseline -0.004 -19"><span class='ocrx_word' id='word_1_87' title='bbox 73 1374 191 1431; x_wconf 89' lang='grc' dir='ltr'><strong><em>σαντες</em></strong></span> <span class='ocrx_word' id='word_1_88' title='bbox 205 1354 238 1431; x_wconf 81' lang='grc' dir='ltr'><strong><em>ές</em></strong></span> <span class='ocrx_word' id='word_1_89' title='bbox 251 1350 314 1440; x_wconf 83' lang='grc' dir='ltr'><strong><em>τήν</em></strong></span> <span class='ocrx_word' id='word_1_90' title='bbox 329 1352 463 1420; x_wconf 76' lang='grc' dir='ltr'><strong><em>ἑωυτόν</em></strong></span> <span class='ocrx_word' id='word_1_91' title='bbox 476 1349 555 1429; x_wconf 86' lang='grc' dir='ltr'><strong><em>τούς</em></strong></span> <span class='ocrx_word' id='word_1_92' title='bbox 567 1346 735 1436; x_wconf 82' lang='grc' dir='ltr'><strong><em>ἡγεμόνας</em></strong></span> <span class='ocrx_word' id='word_1_93' title='bbox 747 1357 806 1437; x_wconf 80' lang='grc' dir='ltr'><strong><em>τῆς</em></strong></span> <span class='ocrx_word' id='word_1_94' title='bbox 817 1358 970 1437; x_wconf 76' lang='grc' dir='ltr'><strong><em>στρατιῆς</em></strong></span> <span class='ocrx_word' id='word_1_95' title='bbox 981 1353 1077 1419; x_wconf 81' lang='grc' dir='ltr'><strong><em>ἐδίω-</em></strong></span> 
     </span>
     <span class='ocr_line' id='line_1_13' title="bbox 72 1439 1077 1539; baseline -0.004 -19"><span class='ocrx_word' id='word_1_96' title='bbox 72 1459 133 1534; x_wconf 81' lang='grc' dir='ltr'><strong><em>ξαν</em></strong></span> <span class='ocrx_word' id='word_1_97' title='bbox 153 1455 190 1520; x_wconf 83' lang='grc' dir='ltr'><strong><em>ἐκ</em></strong></span> <span class='ocrx_word' id='word_1_98' title='bbox 209 1458 267 1538; x_wconf 78' lang='grc' dir='ltr'><strong><em>τῆς</em></strong></span> <span class='ocrx_word' id='word_1_99' title='bbox 286 1457 356 1539; x_wconf 82' lang='grc' dir='ltr'><strong><em>γῆς.</em></strong></span> <span class='ocrx_word' id='word_1_100' title='bbox 389 1449 472 1538; x_wconf 89' lang='grc' dir='ltr'><strong><em>μετά</em></strong></span> <span class='ocrx_word' id='word_1_101' title='bbox 493 1449 530 1518; x_wconf 75' lang='grc' dir='ltr'><strong><em>δὲ</em></strong></span> <span class='ocrx_word' id='word_1_102' title='bbox 545 1449 739 1528; x_wconf 80' lang='grc' dir='ltr'><strong><em>Μαντινέας</em></strong></span> <span class='ocrx_word' id='word_1_103' title='bbox 754 1439 838 1535; x_wconf 86' lang='grc' dir='ltr'><strong><em>ήκον</em></strong></span> <span class='ocrx_word' id='word_1_104' title='bbox 858 1445 996 1536; x_wconf 74' lang='grc' dir='ltr'><strong><em>Ἠλεῖοι,</em></strong></span> <span class='ocrx_word' id='word_1_105' title='bbox 1021 1451 1077 1516; x_wconf 80' lang='grc' dir='ltr'><strong><em>καί</em></strong></span> 
     </span>
     <span class='ocr_line' id='line_1_14' title="bbox 71 1544 1076 1633; baseline -0.007 -13"><span class='ocrx_word' id='word_1_106' title='bbox 71 1549 230 1629; x_wconf 79' lang='grc' dir='ltr'><strong><em>ὡσαύτως</em></strong></span> <span class='ocrx_word' id='word_1_107' title='bbox 242 1553 276 1618; x_wconf 81' lang='lat' dir='ltr'><strong><em>oc</em></strong></span> <span class='ocrx_word' id='word_1_108' title='bbox 286 1547 407 1619; x_wconf 69' lang='grc' dir='ltr'><strong><em>Ἠλεῖοι</em></strong></span> <span class='ocrx_word' id='word_1_109' title='bbox 421 1561 506 1618; x_wconf 69' lang='grc' dir='ltr'><strong><em>τοῖσι</em></strong></span> <span class='ocrx_word' id='word_1_110' title='bbox 517 1554 729 1616; x_wconf 86' lang='grc' dir='ltr'><strong><em>Μαντινεῦσι</em></strong></span> <span class='ocrx_word' id='word_1_111' title='bbox 741 1545 922 1633; x_wconf 84' lang='grc' dir='ltr'><strong><em>συμφορήν</em></strong></span> <span class='ocrx_word' id='word_1_112' title='bbox 932 1544 1076 1633; x_wconf 87' lang='grc' dir='ltr'><strong><em>ποιησά-</em></strong></span> 
     </span>
     <span class='ocr_line' id='line_1_15' title="bbox 71 1634 1075 1734; baseline -0.003 -20"><span class='ocrx_word' id='word_1_113' title='bbox 71 1672 167 1734; x_wconf 90' lang='grc' dir='ltr'><strong><em>μενοι</em></strong></span> <span class='ocrx_word' id='word_1_114' title='bbox 178 1644 447 1729; x_wconf 76' lang='grc' dir='ltr'><strong><em>ἀπαλλάσσοντο·</em></strong></span> <span class='ocrx_word' id='word_1_115' title='bbox 468 1641 674 1722; x_wconf 77' lang='grc' dir='ltr'><strong><em>ἀπελθόντες</em></strong></span> <span class='ocrx_word' id='word_1_116' title='bbox 684 1645 722 1711; x_wconf 80' lang='grc' dir='ltr'><strong><em>δέ</em></strong></span> <span class='ocrx_word' id='word_1_117' title='bbox 735 1644 791 1712; x_wconf 79' lang='grc' dir='ltr'><strong><em>καὶ</em></strong></span> <span class='ocrx_word' id='word_1_118' title='bbox 802 1634 984 1722; x_wconf 87' lang='grc' dir='ltr'><strong><em>ούτοιτούς</em></strong></span> <span class='ocrx_word' id='word_1_119' title='bbox 994 1639 1075 1730; x_wconf 85' lang='grc' dir='ltr'><strong><em>ήγε-</em></strong></span> 
     </span>
     <span class='ocr_line' id='line_1_16' title="bbox 71 1737 1075 1833; baseline -0.004 -21"><span class='ocrx_word' id='word_1_120' title='bbox 71 1745 176 1833; x_wconf 88' lang='grc' dir='ltr'><strong><em>μόνας</em></strong></span> <span class='ocrx_word' id='word_1_121' title='bbox 197 1746 344 1824; x_wconf 80' lang='grc' dir='ltr'><strong><em>ἐδίωξαν.</em></strong></span> <span class='ocrx_word' id='word_1_122' title='bbox 379 1740 428 1810; x_wconf 85' lang='grc' dir='ltr'><strong><em>Τά</em></strong></span> <span class='ocrx_word' id='word_1_123' title='bbox 450 1739 534 1810; x_wconf 88' lang='grc' dir='ltr'><strong><em>κατά</em></strong></span> <span class='ocrx_word' id='word_1_124' title='bbox 555 1743 747 1819; x_wconf 77' lang='grc' dir='ltr'><strong><em>Μαντινέας</em></strong></span> <span class='ocrx_word' id='word_1_125' title='bbox 766 1740 829 1826; x_wconf 67' lang='grc' dir='ltr'><strong><em>μὲν</em></strong></span> <span class='ocrx_word' id='word_1_126' title='bbox 848 1743 904 1808; x_wconf 81' lang='grc' dir='ltr'><strong><em>καὶ</em></strong></span> <span class='ocrx_word' id='word_1_127' title='bbox 926 1737 1075 1820; x_wconf 84' lang='grc' dir='ltr'><strong><em>Ἠλείους</em></strong></span> 
     </span>
     <span class='ocr_line' id='line_1_17' title="bbox 70 1839 1124 1930; baseline -0.003 -21"><span class='ocrx_word' id='word_1_128' title='bbox 70 1847 232 1924; x_wconf 84' lang='grc' dir='ltr'><strong><em>τοσαῦτα,</em></strong></span> <span class='ocrx_word' id='word_1_129' title='bbox 249 1841 287 1908; x_wconf 89' lang='grc' dir='ltr'><strong><em>έν</em></strong></span> <span class='ocrx_word' id='word_1_130' title='bbox 304 1840 340 1909; x_wconf 73' lang='grc' dir='ltr'><strong><em>δὲ</em></strong></span> <span class='ocrx_word' id='word_1_131' title='bbox 354 1845 540 1928; x_wconf 76' lang='grc' dir='ltr'><strong><em>Πλαταιῇσι</em></strong></span> <span class='ocrx_word' id='word_1_132' title='bbox 558 1841 595 1907; x_wconf 85' lang='grc' dir='ltr'><strong><em>έν</em></strong></span> <span class='ocrx_word' id='word_1_133' title='bbox 609 1844 655 1930; x_wconf 75' lang='grc' dir='ltr'><strong><em>τῷ</em></strong></span> <span class='ocrx_word' id='word_1_134' title='bbox 671 1839 881 1928; x_wconf 77' lang='grc' dir='ltr'><strong><em>στρατοπέδω</em></strong></span> <span class='ocrx_word' id='word_1_135' title='bbox 895 1843 963 1905; x_wconf 77' lang='grc' dir='ltr'><strong><em>τῶν</em></strong></span> <span class='ocrx_word' id='word_1_136' title='bbox 974 1843 1072 1924; x_wconf 86' lang='grc' dir='ltr'><strong><em>Αίγι-</em></strong></span> <span class='ocrx_word' id='word_1_137' title='bbox 1089 1852 1124 1908; x_wconf 79' lang='grc'><strong><em>78</em></strong></span> 
     </span>
     <span class='ocr_line' id='line_1_18' title="bbox 71 1930 1075 2026; baseline -0.006 -19"><span class='ocrx_word' id='word_1_138' title='bbox 71 1941 199 2026; x_wconf 87' lang='grc' dir='ltr'><strong><em>νητέων</em></strong></span> <span class='ocrx_word' id='word_1_139' title='bbox 215 1930 260 2026; x_wconf 84' lang='grc' dir='ltr'><strong><em>ήν</em></strong></span> <span class='ocrx_word' id='word_1_140' title='bbox 270 1937 422 2024; x_wconf 87' lang='grc' dir='ltr'><strong><em>Λάμπων</em></strong></span> <span class='ocrx_word' id='word_1_141' title='bbox 435 1933 454 2004; x_wconf 88' lang='grc' dir='ltr'><strong>ὁ</strong></span> <span class='ocrx_word' id='word_1_142' title='bbox 465 1938 603 2010; x_wconf 84' lang='grc' dir='ltr'><strong><em>Πυθέω.</em></strong></span> <span class='ocrx_word' id='word_1_143' title='bbox 619 1938 828 2023; x_wconf 74' lang='grc' dir='ltr'><strong><em>Αἰγινητέων</em></strong></span> <span class='ocrx_word' id='word_1_144' title='bbox 841 1931 881 2002; x_wconf 89' lang='grc' dir='ltr'><strong><em>τά</em></strong></span> <span class='ocrx_word' id='word_1_145' title='bbox 895 1940 1022 2022; x_wconf 75' lang='grc' dir='ltr'><strong><em>πρῶτα,</em></strong></span> <span class='ocrx_word' id='word_1_146' title='bbox 1037 1932 1075 2013; x_wconf 85' lang='grc' dir='ltr'><strong><em>δς</em></strong></span> 
     </span>
     <span class='ocr_line' id='line_1_19' title="bbox 71 2030 1076 2122; baseline -0.003 -17"><span class='ocrx_word' id='word_1_147' title='bbox 71 2035 297 2105; x_wconf 75' lang='grc' dir='ltr'><strong><em>ἀνοσιώτατον</em></strong></span> <span class='ocrx_word' id='word_1_148' title='bbox 312 2041 397 2122; x_wconf 79' lang='grc' dir='ltr'><strong><em>έχων</em></strong></span> <span class='ocrx_word' id='word_1_149' title='bbox 412 2034 516 2121; x_wconf 88' lang='grc' dir='ltr'><strong><em>λόγον</em></strong></span> <span class='ocrx_word' id='word_1_150' title='bbox 529 2038 599 2104; x_wconf 81' lang='grc' dir='ltr'><strong><em>ίετο</em></strong></span> <span class='ocrx_word' id='word_1_151' title='bbox 620 2032 932 2121; x_wconf 63' lang='grc' dir='ltr'><strong><em>πρδςλλαυσανίην,</em></strong></span> <span class='ocrx_word' id='word_1_152' title='bbox 954 2030 1076 2102; x_wconf 88' lang='grc' dir='ltr'><strong><em>ἀπικό-</em></strong></span> 
     </span>
     <span class='ocr_line' id='line_1_20' title="bbox 70 2127 1075 2224; baseline -0.005 -20"><span class='ocrx_word' id='word_1_153' title='bbox 70 2158 171 2222; x_wconf 88' lang='grc' dir='ltr'><strong><em>μενος</em></strong></span> <span class='ocrx_word' id='word_1_154' title='bbox 185 2133 221 2202; x_wconf 73' lang='grc' dir='ltr'><strong><em>δὲ</em></strong></span> <span class='ocrx_word' id='word_1_155' title='bbox 230 2138 363 2224; x_wconf 79' lang='grc' dir='ltr'><strong><em>σπονδή</em></strong></span> <span class='ocrx_word' id='word_1_156' title='bbox 373 2138 466 2220; x_wconf 78' lang='grc' dir='ltr'><strong><em>ἔλεγε</em></strong></span> <span class='ocrx_word' id='word_1_157' title='bbox 475 2133 573 2203; x_wconf 87' lang='grc' dir='ltr'><strong><em>τάδε·</em></strong></span> <span class='ocrx_word' id='word_1_158' title='bbox 591 2127 631 2202; x_wconf 75' lang='grc' dir='ltr'><em>Ὦ</em></span> <span class='ocrx_word' id='word_1_159' title='bbox 642 2147 704 2202; x_wconf 78' lang='grc' dir='ltr'><strong><em>παλ</em></strong></span> <span class='ocrx_word' id='word_1_160' title='bbox 714 2133 963 2221; x_wconf 84' lang='grc' dir='ltr'><strong><em>Κλεομβρότου,</em></strong></span> <span class='ocrx_word' id='word_1_161' title='bbox 975 2137 1075 2220; x_wconf 76' lang='grc' dir='ltr'><strong><em>ἔργον</em></strong></span> 
     </span>
     <span class='ocr_line' id='line_1_21' title="bbox 71 2229 1075 2322; baseline -0.004 -17"><span class='ocrx_word' id='word_1_162' title='bbox 71 2239 229 2321; x_wconf 79' lang='grc' dir='ltr'><strong><em>ἔργασταί</em></strong></span> <span class='ocrx_word' id='word_1_163' title='bbox 245 2259 297 2302; x_wconf 89' lang='grc' dir='ltr'><strong><em>τοι</em></strong></span> <span class='ocrx_word' id='word_1_164' title='bbox 313 2229 487 2322; x_wconf 74' lang='grc' dir='ltr'><strong><em>ὑπερφυές</em></strong></span> <span class='ocrx_word' id='word_1_165' title='bbox 505 2233 654 2321; x_wconf 87' lang='grc' dir='ltr'><strong><em>μέγαθός</em></strong></span> <span class='ocrx_word' id='word_1_166' title='bbox 668 2259 705 2302; x_wconf 88' lang='grc' dir='ltr'><strong><em>τε</em></strong></span> <span class='ocrx_word' id='word_1_167' title='bbox 718 2236 775 2302; x_wconf 82' lang='grc' dir='ltr'><strong><em>καί</em></strong></span> <span class='ocrx_word' id='word_1_168' title='bbox 788 2233 926 2320; x_wconf 85' lang='grc' dir='ltr'><strong><em>κάλλος,</em></strong></span> <span class='ocrx_word' id='word_1_169' title='bbox 949 2239 1009 2302; x_wconf 86' lang='grc' dir='ltr'><strong><em>καί</em></strong></span> <span class='ocrx_word' id='word_1_170' title='bbox 1023 2259 1075 2302; x_wconf 92' lang='grc' dir='ltr'><strong><em>τοι</em></strong></span> 
     </span>
     <span class='ocr_line' id='line_1_22' title="bbox 69 2328 1075 2419; baseline -0.002 -19"><span class='ocrx_word' id='word_1_171' title='bbox 69 2329 151 2410; x_wconf 82' lang='grc' dir='ltr'><strong><em>θεὸς</em></strong></span> <span class='ocrx_word' id='word_1_172' title='bbox 171 2334 343 2417; x_wconf 85' lang='grc' dir='ltr'><strong><em>παρέδωκε</em></strong></span> <span class='ocrx_word' id='word_1_173' title='bbox 362 2331 555 2418; x_wconf 78' lang='grc' dir='ltr'><strong><em>ῥυσάμενον</em></strong></span> <span class='ocrx_word' id='word_1_174' title='bbox 572 2328 636 2419; x_wconf 85' lang='grc' dir='ltr'><strong><em>τήν</em></strong></span> <span class='ocrx_word' id='word_1_175' title='bbox 655 2329 796 2400; x_wconf 82' lang='grc' dir='ltr'><strong><em>Ἑλλάδα</em></strong></span> <span class='ocrx_word' id='word_1_176' title='bbox 816 2333 912 2412; x_wconf 82' lang='grc' dir='ltr'><strong><em>κλέος</em></strong></span> <span class='ocrx_word' id='word_1_177' title='bbox 930 2332 1075 2400; x_wconf 82' lang='grc' dir='ltr'><strong><em>καταθέ-</em></strong></span> 
     </span>
     <span class='ocr_line' id='line_1_23' title="bbox 70 2426 1074 2517; baseline -0.001 -21"><span class='ocrx_word' id='word_1_178' title='bbox 70 2439 152 2496; x_wconf 87' lang='grc' dir='ltr'><strong><em>σθαι</em></strong></span> <span class='ocrx_word' id='word_1_179' title='bbox 167 2431 323 2514; x_wconf 80' lang='grc' dir='ltr'><strong><em>μέγιστον</em></strong></span> <span class='ocrx_word' id='word_1_180' title='bbox 331 2426 501 2515; x_wconf 80' lang='grc' dir='ltr'><strong><em>Ἑλλήνων</em></strong></span> <span class='ocrx_word' id='word_1_181' title='bbox 515 2436 585 2498; x_wconf 71' lang='grc' dir='ltr'><strong><em>τόν</em></strong></span> <span class='ocrx_word' id='word_1_182' title='bbox 597 2426 692 2517; x_wconf 77' lang='grc' dir='ltr'><strong><em>ἡμεῖς</em></strong></span> <span class='ocrx_word' id='word_1_183' title='bbox 708 2435 812 2516; x_wconf 77' lang='grc' dir='ltr'><strong><em>ἴδμεν.</em></strong></span> <span class='ocrx_word' id='word_1_184' title='bbox 847 2428 891 2498; x_wconf 84' lang='grc' dir='ltr'><strong><em>σύ</em></strong></span> <span class='ocrx_word' id='word_1_185' title='bbox 907 2430 944 2499; x_wconf 67' lang='grc' dir='ltr'><strong><em>δὲ</em></strong></span> <span class='ocrx_word' id='word_1_186' title='bbox 964 2432 1020 2499; x_wconf 82' lang='grc' dir='ltr'><strong><em>καί</em></strong></span> <span class='ocrx_word' id='word_1_187' title='bbox 1033 2426 1074 2497; x_wconf 90' lang='grc' dir='ltr'><strong><em>τά</em></strong></span> 
     </span>
     <span class='ocr_line' id='line_1_24' title="bbox 69 2524 1075 2615; baseline 0 -21"><span class='ocrx_word' id='word_1_188' title='bbox 69 2524 171 2599; x_wconf 86' lang='grc' dir='ltr'><strong><em>λυιπά</em></strong></span> <span class='ocrx_word' id='word_1_189' title='bbox 184 2524 225 2594; x_wconf 89' lang='grc' dir='ltr'><strong><em>τά</em></strong></span> <span class='ocrx_word' id='word_1_190' title='bbox 241 2528 293 2594; x_wconf 80' lang='grc' dir='ltr'><strong><em>έπλ</em></strong></span> <span class='ocrx_word' id='word_1_191' title='bbox 309 2526 459 2595; x_wconf 92' lang='grc' dir='ltr'><strong><em>τούτοισι</em></strong></span> <span class='ocrx_word' id='word_1_192' title='bbox 472 2533 624 2614; x_wconf 86' lang='grc' dir='ltr'><strong><em>ποίησον,</em></strong></span> <span class='ocrx_word' id='word_1_193' title='bbox 640 2525 728 2604; x_wconf 88' lang='grc' dir='ltr'><strong><em>όκως</em></strong></span> <span class='ocrx_word' id='word_1_194' title='bbox 742 2525 842 2612; x_wconf 87' lang='grc' dir='ltr'><strong><em>λόγος</em></strong></span> <span class='ocrx_word' id='word_1_195' title='bbox 855 2529 893 2595; x_wconf 91' lang='grc' dir='ltr'><strong><em>τέ</em></strong></span> <span class='ocrx_word' id='word_1_196' title='bbox 903 2547 942 2596; x_wconf 86' lang='grc' dir='ltr'><strong><em>σε</em></strong></span> <span class='ocrx_word' id='word_1_197' title='bbox 956 2532 1012 2615; x_wconf 77' lang='grc' dir='ltr'><strong><em>ἔχη</em></strong></span> <span class='ocrx_word' id='word_1_198' title='bbox 1027 2533 1075 2596; x_wconf 82' lang='grc' dir='ltr'><strong><em>ἔτι</em></strong></span> 
     </span>
     <span class='ocr_line' id='line_1_25' title="bbox 68 2623 1073 2716; baseline -0.002 -21"><span class='ocrx_word' id='word_1_199' title='bbox 68 2631 175 2716; x_wconf 75' lang='grc' dir='ltr'><strong><em>μέζων</em></strong></span> <span class='ocrx_word' id='word_1_200' title='bbox 193 2631 253 2693; x_wconf 82' lang='grc' dir='ltr'><strong><em>καί</em></strong></span> <span class='ocrx_word' id='word_1_201' title='bbox 269 2650 319 2704; x_wconf 91' lang='grc' dir='ltr'><strong><em>τις</em></strong></span> <span class='ocrx_word' id='word_1_202' title='bbox 339 2623 482 2711; x_wconf 79' lang='grc' dir='ltr'><strong><em>ὕστερον</em></strong></span> <span class='ocrx_word' id='word_1_203' title='bbox 504 2625 715 2712; x_wconf 77' lang='grc' dir='ltr'><strong><em>φυλάσσηται</em></strong></span> <span class='ocrx_word' id='word_1_204' title='bbox 735 2631 804 2692; x_wconf 77' lang='grc' dir='ltr'><strong><em>τόν</em></strong></span> <span class='ocrx_word' id='word_1_205' title='bbox 823 2623 1007 2714; x_wconf 86' lang='grc' dir='ltr'><strong><em>βαρβάρων</em></strong></span> <span class='ocrx_word' id='word_1_206' title='bbox 1027 2623 1073 2712; x_wconf 88' lang='grc' dir='ltr'><strong><em>μή</em></strong></span> 
     </span>
     <span class='ocr_line' id='line_1_26' title="bbox 68 2719 1074 2810; baseline -0.002 -17"><span class='ocrx_word' id='word_1_207' title='bbox 68 2722 232 2808; x_wconf 79' lang='grc' dir='ltr'><strong><em>ὑπάρχειν</em></strong></span> <span class='ocrx_word' id='word_1_208' title='bbox 247 2727 328 2807; x_wconf 75' lang='grc' dir='ltr'><strong><em>ἔργα</em></strong></span> <span class='ocrx_word' id='word_1_209' title='bbox 339 2719 514 2792; x_wconf 75' lang='grc' dir='ltr'><strong><em>ἀτάσθαλα</em></strong></span> <span class='ocrx_word' id='word_1_210' title='bbox 524 2727 649 2791; x_wconf 85' lang='grc' dir='ltr'><strong><em>ποιέων</em></strong></span> <span class='ocrx_word' id='word_1_211' title='bbox 659 2725 693 2802; x_wconf 87' lang='grc' dir='ltr'><strong><em>ές</em></strong></span> <span class='ocrx_word' id='word_1_212' title='bbox 703 2720 958 2810; x_wconf 64' lang='grc' dir='ltr'><strong><em>τούςἩληυας.</em></strong></span> <span class='ocrx_word' id='word_1_213' title='bbox 978 2732 1074 2792; x_wconf 86' lang='grc' dir='ltr'><strong><em>Λεω-</em></strong></span> 
     </span>
     <span class='ocr_line' id='line_1_27' title="bbox 68 2814 1073 2911; baseline 0 -21"><span class='ocrx_word' id='word_1_214' title='bbox 68 2824 168 2890; x_wconf 87' lang='grc' dir='ltr'><strong><em>νίδεω</em></strong></span> <span class='ocrx_word' id='word_1_215' title='bbox 184 2814 250 2906; x_wconf 88' lang='grc' dir='ltr'><strong><em>γάρ</em></strong></span> <span class='ocrx_word' id='word_1_216' title='bbox 265 2815 502 2900; x_wconf 82' lang='grc' dir='ltr'><strong><em>ἀποθανόντος</em></strong></span> <span class='ocrx_word' id='word_1_217' title='bbox 519 2823 556 2890; x_wconf 83' lang='grc' dir='ltr'><strong><em>έν</em></strong></span> <span class='ocrx_word' id='word_1_218' title='bbox 570 2821 809 2911; x_wconf 74' lang='grc' dir='ltr'><strong><em>Θερμοπύλῃσι</em></strong></span> <span class='ocrx_word' id='word_1_219' title='bbox 826 2823 1024 2910; x_wconf 91' lang='grc' dir='ltr'><strong><em>Μαρδόνιός</em></strong></span> <span class='ocrx_word' id='word_1_220' title='bbox 1038 2849 1073 2891; x_wconf 90' lang='grc' dir='ltr'><strong><em>τε</em></strong></span> 
     </span>
     <span class='ocr_line' id='line_1_28' title="bbox 66 2912 1073 3012; baseline 0 -24"><span class='ocrx_word' id='word_1_221' title='bbox 66 2921 122 2988; x_wconf 80' lang='grc' dir='ltr'><strong><em>καί</em></strong></span> <span class='ocrx_word' id='word_1_222' title='bbox 131 2919 254 3002; x_wconf 75' lang='grc' dir='ltr'><strong><em>Ξέρξης</em></strong></span> <span class='ocrx_word' id='word_1_223' title='bbox 265 2912 493 3004; x_wconf 87' lang='grc' dir='ltr'><strong><em>ἀποταμόντες</em></strong></span> <span class='ocrx_word' id='word_1_224' title='bbox 505 2916 568 3007; x_wconf 83' lang='grc' dir='ltr'><strong><em>τήν</em></strong></span> <span class='ocrx_word' id='word_1_225' title='bbox 577 2915 731 3007; x_wconf 73' lang='grc' dir='ltr'><strong><em>κεφαλήν</em></strong></span> <span class='ocrx_word' id='word_1_226' title='bbox 741 2917 1010 3006; x_wconf 89' lang='grc' dir='ltr'><strong><em>ἀνεσταύρωσαν.</em></strong></span> <span class='ocrx_word' id='word_1_227' title='bbox 1026 2928 1073 3012; x_wconf 75' lang='grc' dir='ltr'><strong><em>τῷ</em></strong></span> 
     </span>
     <span class='ocr_line' id='line_1_29' title="bbox 67 3011 1071 3106; baseline 0.004 -22"><span class='ocrx_word' id='word_1_228' title='bbox 67 3014 110 3084; x_wconf 86' lang='grc' dir='ltr'><strong><em>σύ</em></strong></span> <span class='ocrx_word' id='word_1_229' title='bbox 130 3014 192 3103; x_wconf 85' lang='grc' dir='ltr'><strong><em>τήν</em></strong></span> <span class='ocrx_word' id='word_1_230' title='bbox 207 3013 328 3102; x_wconf 85' lang='grc' dir='ltr'><strong><em>ὁμοίην</em></strong></span> <span class='ocrx_word' id='word_1_231' title='bbox 342 3011 526 3096; x_wconf 85' lang='grc' dir='ltr'><strong><em>ἀποδιδούς</em></strong></span> <span class='ocrx_word' id='word_1_232' title='bbox 540 3023 681 3086; x_wconf 78' lang='grc' dir='ltr'><strong><em>ἔπαινον</em></strong></span> <span class='ocrx_word' id='word_1_233' title='bbox 702 3019 785 3099; x_wconf 77' lang='grc' dir='ltr'><strong><em>ἔξεις</em></strong></span> <span class='ocrx_word' id='word_1_234' title='bbox 799 3026 914 3106; x_wconf 76' lang='grc' dir='ltr'><strong><em>πρῶτα</em></strong></span> <span class='ocrx_word' id='word_1_235' title='bbox 927 3020 990 3105; x_wconf 77' lang='grc' dir='ltr'><strong><em>μέν</em></strong></span> <span class='ocrx_word' id='word_1_236' title='bbox 1003 3016 1071 3088; x_wconf 85' lang='grc' dir='ltr'><strong><em>ύπό</em></strong></span> 
     </span>
     <span class='ocr_line' id='line_1_30' title="bbox 66 3108 1072 3204; baseline 0.005 -22"><span class='ocrx_word' id='word_1_237' title='bbox 66 3114 203 3182; x_wconf 88' lang='grc' dir='ltr'><strong><em>πάντων</em></strong></span> <span class='ocrx_word' id='word_1_238' title='bbox 212 3117 463 3200; x_wconf 85' lang='grc' dir='ltr'><strong><em>Σπαρτιητέων,</em></strong></span> <span class='ocrx_word' id='word_1_239' title='bbox 477 3108 574 3196; x_wconf 88' lang='grc' dir='ltr'><strong><em>αύτις</em></strong></span> <span class='ocrx_word' id='word_1_240' title='bbox 588 3115 624 3184; x_wconf 70' lang='grc' dir='ltr'><strong><em>δὲ</em></strong></span> <span class='ocrx_word' id='word_1_241' title='bbox 634 3119 690 3185; x_wconf 81' lang='grc' dir='ltr'><strong><em>καί</em></strong></span> <span class='ocrx_word' id='word_1_242' title='bbox 699 3113 785 3204; x_wconf 85' lang='grc' dir='ltr'><strong><em>πρός</em></strong></span> <span class='ocrx_word' id='word_1_243' title='bbox 795 3124 863 3185; x_wconf 76' lang='grc' dir='ltr'><strong><em>τῶν</em></strong></span> <span class='ocrx_word' id='word_1_244' title='bbox 873 3115 986 3187; x_wconf 87' lang='grc' dir='ltr'><strong><em>ἀλλων</em></strong></span> <span class='ocrx_word' id='word_1_245' title='bbox 997 3115 1072 3187; x_wconf 82' lang='grc' dir='ltr'><strong><em>Ἑλ·</em></strong></span> 
     </span>
     <span class='ocr_line' id='line_1_31' title="bbox 65 3208 1071 3305; baseline 0.007 -28"><span class='ocrx_word' id='word_1_246' title='bbox 65 3208 188 3298; x_wconf 75' lang='grc' dir='ltr'><strong><em>λήνων.</em></strong></span> <span class='ocrx_word' id='word_1_247' title='bbox 230 3212 432 3297; x_wconf 86' lang='grc' dir='ltr'><strong><em>Μαρδόνιον</em></strong></span> <span class='ocrx_word' id='word_1_248' title='bbox 452 3212 518 3301; x_wconf 82' lang='grc' dir='ltr'><strong><em>γὰρ</em></strong></span> <span class='ocrx_word' id='word_1_249' title='bbox 543 3212 811 3296; x_wconf 84' lang='grc' dir='ltr'><strong><em>ἀνασκολοπίσας</em></strong></span> <span class='ocrx_word' id='word_1_250' title='bbox 832 3215 1071 3305; x_wconf 82' lang='grc' dir='ltr'><strong><em>τετιμωρήσεαι</em></strong></span> 
     </span>
     <span class='ocr_line' id='line_1_32' title="bbox 66 3307 1071 3404; baseline 0.007 -26"><span class='ocrx_word' id='word_1_251' title='bbox 66 3311 100 3389; x_wconf 84' lang='grc' dir='ltr'><strong><em>ές</em></strong></span> <span class='ocrx_word' id='word_1_252' title='bbox 115 3308 252 3395; x_wconf 86' lang='grc' dir='ltr'><strong><em>πάτρων</em></strong></span> <span class='ocrx_word' id='word_1_253' title='bbox 265 3307 327 3378; x_wconf 82' lang='grc' dir='ltr'><strong><em>τὸν</em></strong></span> <span class='ocrx_word' id='word_1_254' title='bbox 340 3307 404 3379; x_wconf 87' lang='grc' dir='ltr'><strong><em>σδν</em></strong></span> <span class='ocrx_word' id='word_1_255' title='bbox 414 3317 598 3400; x_wconf 80' lang='grc' dir='ltr'><strong><em>Λεωνίδην.</em></strong></span> <span class='ocrx_word' id='word_1_256' title='bbox 613 3310 651 3382; x_wconf 90' lang='lat'><strong><em>‘0</em></strong></span> <span class='ocrx_word' id='word_1_257' title='bbox 662 3315 725 3402; x_wconf 76' lang='grc' dir='ltr'><strong><em>μέν</em></strong></span> <span class='ocrx_word' id='word_1_258' title='bbox 737 3316 865 3383; x_wconf 88' lang='grc' dir='ltr'><strong><em>δοκέων</em></strong></span> <span class='ocrx_word' id='word_1_259' title='bbox 877 3322 1071 3404; x_wconf 72' lang='grc' dir='ltr'><strong><em>χαρίζεσθαι</em></strong></span> 
     </span>
     <span class='ocr_line' id='line_1_33' title="bbox 65 3403 1127 3500; baseline 0.002 -22"><span class='ocrx_word' id='word_1_260' title='bbox 65 3414 158 3494; x_wconf 70' lang='grc' dir='ltr'><strong><em>ἔλεγε</em></strong></span> <span class='ocrx_word' id='word_1_261' title='bbox 172 3406 263 3496; x_wconf 83' lang='grc' dir='ltr'><strong><em>τάδε,</em></strong></span> <span class='ocrx_word' id='word_1_262' title='bbox 277 3403 296 3476; x_wconf 84' lang='grc' dir='ltr'>ὁ</span> <span class='ocrx_word' id='word_1_263' title='bbox 311 3405 343 3476; x_wconf 83' lang='grc' dir='ltr'><strong><em>δ’</em></strong></span> <span class='ocrx_word' id='word_1_264' title='bbox 360 3405 576 3500; x_wconf 80' lang='grc' dir='ltr'><strong><em>ἀνταμείβετο</em></strong></span> <span class='ocrx_word' id='word_1_265' title='bbox 590 3415 731 3482; x_wconf 87' lang='grc' dir='ltr'><strong><em>τοισίδε·</em></strong></span> <span class='ocrx_word' id='word_1_266' title='bbox 747 3405 786 3482; x_wconf 75' lang='grc' dir='ltr'><em>Ὠ</em></span> <span class='ocrx_word' id='word_1_267' title='bbox 797 3416 884 3495; x_wconf 70' lang='grc' dir='ltr'><strong><em>ξεῖνε</em></strong></span> <span class='ocrx_word' id='word_1_268' title='bbox 893 3421 1127 3499; x_wconf 55' lang='grc' dir='ltr'><strong><em>Αἰγινήταᾼιὶ</em></strong></span> 
     </span>
    </p>
   </div>
   <div class='ocr_carea' id='block_1_3' title="bbox 1143 3582 1173 3688">
    <p class='ocr_par' dir='ltr' id='par_1_3' title="bbox 1143 3582 1173 3688">
     <span class='ocr_line' id='line_1_34' title="bbox 1143 3582 1173 3688; baseline 0 -4"><span class='ocrx_word' id='word_1_269' title='bbox 1143 3582 1173 3688; x_wconf 7' lang='lat' dir='ltr'><strong><em>A!</em></strong></span> 
     </span>
    </p>
   </div>
   <div class='ocr_carea' id='block_1_4' title="bbox 0 0 1194 3840">
    <p class='ocr_par' dir='ltr' id='par_1_4' title="bbox 0 0 1194 3840">
     <span class='ocr_line' id='line_1_35' title="bbox 0 0 1194 3840; baseline 0 2"><span class='ocrx_word' id='word_1_270' title='bbox 0 0 1194 3840; x_wconf 95' lang='lat' dir='ltr'><strong><em> </em></strong></span> 
     </span>
    </p>
   </div>
  </div>
 </body>
</html>
