2378 3840
155 195 197 256 34
534 203 823 267 HER060T1-,

155 357 248 444 ίρόν·
277 356 319 427 οὐ
340 357 405 446 γάρ
426 356 569 443 θεμιτόν
590 367 761 443 Δωριεῦσι
784 365 938 449 παριέναι
953 365 1115 432 ἐνθαῦτα.
1142 365 1158 432 ὁ

154 460 191 526 δὲ
208 456 293 526 εἶπε·
322 451 361 524 Ὠ
378 459 496 543 γόναι,
519 455 592 525 ἀλλ’
610 456 652 524 οὐ
663 459 817 543 Δωριεύς
833 466 915 546 εἰμι,
934 457 1008 529 ἀλλ’
1022 458 1155 547 Ἀχαιός.

153 555 171 625 6
187 559 249 642 μὲν
264 555 304 643 δὴ
324 565 364 643 τῇ
377 555 516 644 κληδόνι
538 553 639 624 οὐδὲν
653 558 832 643 χρεόμενος
847 561 1040 646 ἐπεχείρησέ
1051 583 1090 626 τε
1107 561 1154 627 καλ

152 657 227 721 τότε
243 656 346 722 πάλιν
361 657 510 733 ἐξέπιπτε
525 653 607 739 μετὰ
627 663 695 721 τῶν
710 660 1002 743 Λακεδαιμονίων,
1030 655 1111 736 τούς
1124 657 1154 724 66

153 754 275 832 ἀλλους
287 753 459 839 Ἀθηναῖοι
473 757 658 838 κατέδησαν
670 753 732 840 τὴν
746 757 799 823 ἐπὶ
812 756 967 844 θανάτφ,
991 758 1030 823 ἐν
1044 757 1083 824 δέ
1097 754 1151 823 αό-

152 868 237 921 τοῑσι
251 856 306 920 καί
325 858 530 938 Τιμησίθεον
552 848 612 918 τὸν
627 850 784 938 Δελφόν,
806 860 867 920 τοῦ
889 858 970 938 ἔργα
985 859 1109 939 χειρῶν
1123 877 1152 919 τε

153 955 208 1019 καὶ
222 949 366 1038 λήματος
381 946 484 1035 ἔχοιμ’
498 945 541 1015 ἀν
551 959 689 1035 μέγιστα
700 956 882 1031 καταλέξαι.
908 943 1002 1019 οὗτοι
1016 955 1081 1037 μέν
1093 977 1152 1019 νυν

106 1056 138 1111 73
155 1051 325 1134 δεδεμένοι
341 1047 574 1131 ἐτελεύτησαν,
592 1045 766 1134 Ἀθηναῖοι
786 1047 822 1114 δέ
837 1044 918 1133 μετά
937 1055 1044 1116 ταῦτα
1059 1057 1146 1117 Κλει-

152 1147 276 1212 σθένεα
288 1147 342 1210 καὶ
354 1140 394 1210 τά
402 1144 580 1210 ἑπτακόσια
592 1147 720 1212 ἐπίστια
731 1173 771 1212 τα
760 1143 1042 1232 διωχθένταὺπο
1030 1143 1185 1215 laco-³

151 1248 268 1329 μένεος
288 1240 581 1327 μεταπεμψάμενοι
601 1245 769 1329 πέμπουσι
791 1241 952 1338 ἀγγέλους
969 1245 1003 1322 ές
1017 1243 1185 1330 Σάρδις,

151 1347 340 1468 συμμαχίην
357 1338 558 1426 βουλόμενοι
578 1341 784 1427 ποιήσασθαι
806 1339 891 1427 πρὸς
908 1343 1059 1429 Πέρσας·
1078 1336 1149 1427 ἠπι-

151 1444 266 1508 στέατο
280 1440 344 1525 γάρ
361 1460 422 1524 σφι
443 1437 527 1526 πρὸς
542 1443 829 1525 Λακεδαιμονίους
843 1465 878 1506 τε
894 1441 949 1506 καλ
966 1439 1149 1524 Κλεομένεα

151 1541 455 1623 ἐκπεπολεμῶσθαι.
485 1533 698 1623 ἀπικομένων
720 1538 755 1604 δὲ
774 1562 842 1604 των
864 1533 1015 1623 ἀγγέλων
1041 1539 1077 1616 ές
1098 1531 1150 1612 τάς

150 1635 278 1719 Σάρδις
301 1638 356 1702 καὶ
388 1635 558 1721 λεγόντων
582 1635 621 1703 τά
647 1639 865 1723 ἐντεταλμένα
887 1621 1149 1722 Ἀρταφέρνηςό

145 1734 344 1813 Ὑστάσπεος
369 1734 579 1821 Σαρδίων’
555 1760 703 1822 υπαρχος
727 1734 905 1820 ἐπειρεότα,
932 1740 1020 1812 τίνες
1047 1733 1147 1810 ἐόντες

151 1832 328 1918 ἀνθρωποι
348 1835 402 1900 καὶ
419 1839 461 1921 κῇ
476 1839 542 1918 γῆς
559 1837 730 1921 οἰκημένοι
746 1838 874 1901 δεοίατο
888 1836 1050 1918 Περσέων
1071 1829 1148 1917 σάμ-

151 1960 249 2018 μαχοι
262 1935 438 2018 γενέσθαι,
459 1933 653 2019 πυθόμενος
671 1934 707 2002 δὲ
726 1930 811 2022 πρός
824 1941 892 2001 τῶν
906 1929 1061 2017 ἀγγέλων
1074 1926 1148 1998 ἀπε·

151 2030 306 2114 κοράφου
332 2050 393 2114 σφι
407 2030 512 2098 τάδε·
555 2037 599 2098 Εί
620 2033 682 2116 μὲν
707 2035 838 2099 διδοῦσι
868 2032 998 2118 βασιλέι
1021 2033 1148 2117 Δαρείῳ

148 2126 319 2212 Ἀθηναῖοι
336 2135 401 2212 γῆν
420 2154 455 2195 τε
475 2131 531 2196 καλ
546 2127 657 2213 ὕδωρ,
681 2127 699 2196 6
716 2130 752 2196 δὲ
769 2135 958 2222 συμμαχίην
975 2147 1039 2214 σφι
1055 2148 1145 2196 συνε·

149 2233 277 2311 τίθετο,
301 2232 331 2293 εί
351 2228 387 2294 δὲ
404 2225 448 2314 μὴ
471 2231 618 2313 διδοῦσι,
641 2225 916 2297 ἀπαλλάσσεσθαι
937 2225 1065 2307 αὐτοὺς
1083 2228 1144 2296 ἐκέ·

149 2332 236 2392 λευε.
260 2328 294 2390 οί
307 2323 343 2390 δὲ
359 2322 493 2410 ἀγγελοι
508 2328 560 2392 ἐπὶ
574 2327 688 2411 σφέων
704 2325 816 2395 αὐτῶν
827 2326 1008 2414 βαλόμενοι
1024 2323 1144 2393 διδόντι

150 2429 298 2509 ἔφασαν,
321 2423 523 2510 βουλόμενοι
540 2422 602 2510 τὴν
615 2434 804 2513 συμμαχίην
821 2424 1039 2513 ποιήσασθαι.
1061 2414 1143 2492 οὗτοι
1182 2508 1185 2523 1

149 2529 211 2613 μὲν
226 2523 267 2613 δὴ
282 2523 488 2606 ἀπελθόντες
502 2530 535 2606 ἐς
549 2526 611 2613 την
626 2531 809 2597 έωυτωνί
774 2556 794 2595 α
795 2534 878 2606 ίτίας
892 2526 1041 2613 μεγάλας
1055 2522 1133 2613 εἶχον
1181 2526 1185 2546 ’

102 2636 135 2691 14
235 2627 425 2710 Κλεομένης
440 2625 476 2692 δὲ
497 2627 713 2712 ἐπιστάμενος
734 2631 974 2714 περιυβρίσθαι
991 2629 1085 2691 ἔπεσι
1098 2618 1139 2689 καί
1173 2672 1174 2681 1

150 2717 308 2808 ἔργοισι
291 2717 351 2787 μετ’
369 2718 559 2808 Ἀθηναίων
578 2726 736 2810 συνέλεγε
755 2726 792 2791 ἐκ
810 2723 917 2808 πάσης
933 2714 1138 2802 Πελοπουνῆ·
1180 2797 1183 2809 ,

150 2838 214 2886 σου
234 2816 392 2903 στρατὸν,
415 2816 457 2886 οὐ
478 2820 615 2907 φράζων
636 2820 720 2900 ἐς
685 2848 722 2888 το
745 2824 973 2906 συλλέγει,τί
939 2808 1152 2886 τίσασθαιδλ
1181 2821 1185 2856 ’·

150 2917 279 2984 ἐθέλων
293 2912 354 2981 τὸν
369 2921 476 3002 δῆμον
491 2925 559 2985 τῶν
571 2917 760 3005 Ἀθηναίων
774 2946 829 2986 και
818 2916 1014 3002 Ἰσαγόρην
1030 2906 1138 3041 βουλό·
1182 2934 1185 2954 ¹

149 3040 249 3101 μενος
261 3014 432 3098 τύραννον
444 3039 660 3104 κατάστησαι·
683 3025 867 3106 συνεξηλθε
880 3017 945 3102 γάρ
961 3041 992 3083 οι
984 3006 1137 3093 οὖτθδέ*
1171 3019 1185 3101 ,⁵

148 3122 204 3201 τῆς
221 3111 430 3197 ἀκροπόλιος.
475 3120 666 3204 Κλεομένης
686 3144 721 3184 τε
742 3115 782 3204 δὴ
806 3116 912 3206 στόλφ
927 3112 1065 3206 μεγάλφ
1080 3106 1135 3179 6⁶6¹
1164 3103 1185 3158 λ·

147 3213 261 3333 ssfflss'
244 3236 277 3288 ες
287 3207 474 3299 Ἐλευσῖνα,
497 3217 552 3283 καὶ
570 3241 600 3284 οι
593 3213 794 3284 ’Βοιωτοὶ’
776 3213 840 3283 απὸ
856 3214 1076 3301 συνθήματος
1089 3208 1135 3277 θέ
1163 3197 1182 3254 λλ

148 3311 232 3397 νόην
253 3310 403 3395 αἱρέουσι
429 3311 512 3382 καί
512 3312 630 3399 Υσιάς,
658 3315 785 3401 δήμους
809 3312 888 3393 τούς
914 3314 1072 3400 ἐσχάτους
1092 3310 1135 3395 ἡ

145 3405 305 3492 Ἀττικῆς,
325 3413 504 3490 Χαλκιδέες
522 3437 559 3478 τε
579 3414 631 3479 ἐπὶ
653 3409 693 3479 τά
719 3415 814 3497 ἕτερα
837 3415 988 3481 ἐσίνοντο
1004 3410 1139 3483 ἐπιόνῑλλ.
