2378 3840
129 182 193 245 248
507 176 758 246 HERODOTI

128 348 193 412 ἐῶν
207 345 418 432 ἐπιψηφίζειν
437 341 538 414 ἀπόλι
554 343 669 431 ἀνδρί·
698 345 800 414 πόλιν
816 346 882 433 γάρ
896 347 956 417 τόν
972 360 1134 435 Θεμιστο·

127 445 206 510 κλέα
220 442 451 528 παρεχόμενον
466 440 556 510 οὕτω
570 447 702 511 ἐκέλευε
717 446 853 530 γνώμας
867 449 1132 534 συμβάλλεσθαι.

125 549 230 612 ταῦτα
244 546 283 609 δέ
298 545 334 610 ol
347 547 532 629 προέφερε,
556 539 609 610 ὅτι
621 541 798 629 ἡλώκεσάν
814 570 850 612 τε
870 550 925 614 καλ
941 555 1133 634 κατείχοντο

125 644 163 709 αλ
171 638 320 727 Ἀθῆναι.
344 639 419 709 τότε
436 637 477 726 δὴ
495 637 513 706 ὁ
529 645 771 728 Θεμιστοκλέης
786 643 917 710 έκετυόν
931 671 967 711 τε
982 649 1037 713 καὶ
1052 644 1134 725 τούς

125 744 332 824 Κορινθίους
346 739 455 807 πολλά
469 742 569 808 τεκαὶ
582 736 670 807 κυκά
681 745 783 827 ἔλεγε,
799 746 954 811 έωυτοτσί
960 769 997 811 τε
1007 744 1133 831 έδὴλου

122 834 212 926 λόγφ
228 831 272 914 ὥς
288 844 339 923 είη
356 837 412 904 καλ
426 837 521 915 πόλις
532 840 588 904 καὶ
600 843 644 922 γῆ
657 838 765 922 μέζων
776 835 863 925 ἥπερ
877 841 1044 928 ἐκείνοισι,
1060 848 1131 910 ἔστ’

80 961 85 968 ·
122 931 166 1003 ἀν
186 934 354 1021 διηκόσιαι
374 935 448 1014 νέες
468 954 531 1020 σφι
555 938 633 1002 έωσι
655 944 929 1022 πεπληρωμένοι·
958 936 1131 1025 οὐδαμοὺς

73 1055 107 1108 εν
123 1030 187 1120 γάρ
198 1030 368 1120 Ἑλλήνων
386 1029 510 1109 αάτοῦς
523 1029 677 1109 ἐπιόντας
691 1028 975 1119 ἀποκρούσεσθαι.
995 1043 1129 1121 Σημαλ-

121 1158 192 1199 νων
207 1133 243 1200 δὲ
262 1134 426 1220 ταῦτατῷ
446 1129 536 1220 λόγῳ
552 1132 700 1217 διέβαινε
720 1132 755 1208 ἐς
767 1127 987 1217 Εὐρυβιάδην
1018 1136 1131 1218 λέγων

120 1235 248 1314 μᾶλλον
268 1230 535 1315 ἐπεστραμμένα·
567 1223 623 1295 Σδ
638 1233 669 1295 εί
682 1230 811 1313 μενέεις
824 1226 931 1297 αάτοῦ
945 1233 1000 1298 καί
1014 1235 1131 1318 μένων

119 1334 209 1396 έσεαι
223 1322 310 1413 ἀνὴρ
331 1323 477 1413 ἀγαθός·
505 1331 536 1393 εί
550 1323 665 1411 δὲμὴ,
686 1323 883 1414 ἀνατρέψεις
895 1325 958 1415 τὴν
973 1327 1125 1400 Ἐλλάδα.

118 1424 155 1494 τό
172 1432 241 1493 πᾶν
254 1421 320 1512 γάρ
330 1421 411 1511 ἡμῖν
421 1430 483 1492 τοῦ
493 1425 642 1510 πολέμου
655 1425 798 1511 φέρουσι
812 1429 850 1492 αί
860 1430 940 1505 νέες.
964 1425 1038 1496 ἀλλ’
1053 1431 1126 1515 ἐμοὶ

118 1530 245 1592 πείθεο.
270 1528 299 1591 εί
312 1523 350 1590 δέ
362 1527 467 1589 ταῦτα
481 1519 527 1608 μή
541 1521 708 1608 ποιήσας,
724 1520 819 1608 ἡμεῖς
831 1525 910 1610 μέν,
934 1523 978 1604 ὁς
994 1532 1122 1617 ἔχομεν,

117 1619 342 1707 ἀναλαβόντες
356 1617 436 1698 τούς
452 1622 581 1699 οίκέτας
601 1619 810 1706 κομιεύμεθα
829 1623 863 1699 ές
880 1628 981 1708 Σίριυ
1003 1620 1066 1709 τὴν
1088 1627 1125 1691 ἐκ

111 1715 240 1806 Ἰταλίη,
263 1715 350 1806 ἡπερ
368 1714 510 1804 ἡμετέρη
524 1720 563 1786 τέ
572 1720 641 1785 ἐστι
657 1719 693 1785 έκ
706 1724 852 1785 παλαιοῦ
862 1723 920 1803 δτι,
936 1722 992 1787 καὶ
1006 1718 1047 1786 τά
1063 1722 1126 1788 λό-

116 1844 172 1904 για
192 1818 281 1901 λέγει
301 1812 362 1883 ὑπ’
383 1812 496 1903 ἡμέων
517 1813 625 1902 αὐτὴν
641 1818 730 1883 δέειν
750 1822 945 1903 κτισθῆναι·
973 1814 1069 1904 ὑμεῖς
1088 1820 1126 1886 δὲ

115 1912 299 2000 συμμάχων
313 1918 452 1982 τοιῶνδε
472 1915 708 2000 μουνωθέντες
722 1912 934 1999 μεμιαὴσεσθε
949 1922 1017 1980 τῶν
1032 1917 1126 2001 ἐμῶν

67 2033 101 2088 63
116 2016 237 2101 λόγων.
275 2019 387 2081 Ταῦτα
408 2017 445 2082 δέ
459 2016 698 2099 Θεμιστοκλέος
712 2014 868 2097 λέγοντος
884 2009 1125 2082 ἀνεδιδάσκετο

115 2109 337 2199 Εὐρυβιάδης.
367 2114 496 2179 δοκέειν
513 2113 553 2177 δέ
571 2134 645 2196 μοι,
666 2107 864 2198 ἀρρωδήσας
882 2112 1025 2196 μάλιστα
1042 2111 1125 2191 τούς

110 2210 312 2296 Ἀθηναίους
326 2207 574 2293 ἀνεδιδάσκετο,
591 2208 638 2294 μὴ
648 2227 754 2295 σφεας
768 2206 966 2296 ἀπολίπωσι,
980 2206 1024 2295 ἡν
1035 2209 1126 2294 πρὸς

113 2310 173 2381 τόν
191 2308 327 2398 Ἰσθμὸν
347 2308 457 2398 ἀνάγη
471 2306 529 2387 τάς
553 2312 638 2387 νέας.
676 2305 912 2377 ἀπολιπόντων
930 2308 995 2395 γάρ
1017 2307 1124 2396 Ἀθη-

113 2419 218 2481 ναίων
231 2408 342 2478 οὐκέτι
355 2412 506 2495 έγίνοντο
518 2403 690 2494 ἀξιόμαχοι
704 2412 739 2476 os
747 2413 866 2475 λοιποί.
879 2409 1005 2495 ταύτην
1018 2409 1055 2476 δέ
1068 2416 1124 2477 αι’-

63 2529 97 2584 64
114 2513 222 2597 ρέεται
232 2505 294 2596 τὴν
302 2507 443 2595 γνιόμην
454 2503 559 2574 αὐτοῦ
569 2509 730 2592 μένοντας
739 2508 1003 2593 διαναυμαχέειν.
1019 2508 1125 2578 Οὕτω

103 2595 106 2607 ’
111 2608 174 2696 μέν
185 2612 220 2676 οί
228 2608 303 2693 περὶ
309 2614 487 2692 Σαλαμῖνα
498 2609 590 2673 ἐπεσι
601 2602 912 2692 ἀκροβολισάμενοι,
930 2605 1039 2672 ἐπείτε
1048 2607 1124 2675 Εὐ-

112 2705 257 2793 ρυβιάδη
272 2708 380 2789 ἔδοξε,
401 2700 507 2771 αὐτοῦ
521 2701 808 2790 παρεσκευάζοντο
824 2698 869 2781 ὡς
881 2705 1123 2792 ναυμαχήσον-

110 2830 171 2882 τες.
200 2800 306 2889 ἡμέρη
323 2829 357 2870 τε
379 2803 505 2887 ἐγίνετο
519 2802 575 2868 καὶ
589 2797 658 2886 ἅμα
677 2806 725 2891 τῷ
738 2797 821 2890 ἡλίφ
836 2797 966 2868 ἀνιόντι
983 2802 1124 2888 σεισμός

110 2903 239 2988 ἐγένετο
256 2905 294 2969 ἐν
307 2926 342 2968 τε
358 2907 397 2988 τῇ
414 2904 457 2988 γῇ
471 2899 526 2966 καὶ
540 2905 581 2986 τῇ
595 2899 761 2985 θαλάσση.
786 2901 878 2977 ἔδοξε
892 2899 931 2965 δέ
943 2916 1005 2983 σφι
1018 2897 1122 2979 εὔξα-

110 3013 192 3071 σθαι
205 3012 291 3069 τοῖσι
302 3010 413 3069 θεοῖσι
428 3001 484 3066 καλ
494 3001 754 3067 ἐπικαλέσασθαι
767 2995 847 3076 τούς
857 3003 1019 3077 Αἰακίδας
1030 3020 1122 3087 συμ-

108 3100 243 3188 μάχους.
267 3095 311 3177 ὡς
327 3102 367 3167 δέ
378 3117 440 3184 σφι
454 3101 562 3183 ἔδοξε,
580 3100 635 3166 καὶ
647 3100 782 3166 ἐποίευν
794 3104 915 3166 ταῦτα·
938 3095 1121 3184 εάξάμενοι

107 3195 172 3284 γὰρ
187 3203 268 3263 πᾶσι
279 3208 365 3263 τοδσι
374 3204 485 3264 θεοῖσι
500 3192 649 3263 αὐτόθεν
659 3196 721 3282 μὲν
736 3198 772 3263 ἐκ
781 3203 974 3282 Σαλαμῖνος
985 3199 1121 3266 Αίαντά

106 3321 142 3362 τε
162 3295 218 3360 καὶ
236 3299 418 3380 Τελαμῶνα
439 3295 673 3379 ἐπεκαλέοντο,
694 3295 748 3361 ἐπὶ
762 3296 799 3360 δὲ
813 3290 944 3363 Αἰακὸν
961 3297 1017 3363 καί
1036 3296 1120 3377 τούς

96 3392 227 3470 ἀλλους
241 3396 407 3473 Αἰακίδας
421 3396 481 3463 νέα
494 3389 696 3462 ἀπέστελλον
710 3394 743 3471 ές
757 3400 911 3478 Αίγιναυ.
