2378 3840
133 186 196 252 Μ
512 191 761 248 HERODOTI

133 349 193 419 τόν
209 349 372 437 πόλεμον,
389 349 431 416 τό
444 373 480 416 τε
490 346 679 434 ποιήσουσι,
695 345 768 415 ὅσοι
780 373 815 418 τε
826 357 955 438 πλῆθος
968 355 1039 417 είσί.
1063 353 1141 418 ίιια-

133 453 187 518 ναὶ
206 447 271 538 γδρ
295 449 419 516 έιιεϊνοί
433 471 471 533 γε
493 442 587 514 αὐτοὶ
608 449 742 512 ἑωυτῶν
757 448 833 532 πέρι
855 452 1043 534 φροντίζειν
1064 450 1140 533 είσί,

132 546 227 636 ήμείς
241 548 275 615 δὲ
290 543 403 634 ἡμέων
418 541 584 622 ὡσαύτως.
606 546 867 631 Λακεδαιμόνιοι
882 548 918 614 δέ
929 544 972 634 ήν
987 556 1062 614 ίωσι
1075 543 1141 612 ἄν·

133 652 186 712 τία
201 647 348 733 Πέρσησι
364 646 396 722 ἐς
411 643 536 730 μάχην,
558 638 660 709 οῦδὲν
673 638 711 709 τὸ
730 640 858 728 παρεόν
869 649 982 732 τρῶμα
998 639 1140 708 ιἰνιεῦν-

65 760 115 818 237
132 772 194 813 ται.
214 742 396 831 Ἀμείβεται
407 745 529 830 Ξέρξης
544 745 683 810 τοισίδε·
704 739 899 830 Ἀχαίμενες,
914 735 953 810 εὖ
964 743 1002 810 τέ
1009 767 1066 828 μοι
1078 745 1140 808 δο-

133 844 219 921 κέεις
234 845 345 927 λέγειν
359 843 414 909 καί
430 839 559 927 ποιήσω
572 845 685 908 ταῦτα.
707 840 908 929 Δημάρητος
924 843 960 909 δὲ
971 844 1060 927 λε’γει
1075 844 1140 927 μὲν

133 939 173 1010 τδι
185 939 303 1028 ἄριστα
314 946 445 1008 ἔλπεται
457 936 541 1007 εἶναι
552 940 634 1026 ἐμοί,
649 938 767 1027 γυιόμη
778 939 892 1024 μέντοι
904 940 1057 1006 ἑσσοῦται
1068 935 1139 1006 ὑπὸ

134 1048 203 1109 σεῦ.
235 1036 355 1125 οὐγὰρ
372 1036 424 1124 δή
435 1037 544 1106 ἐκείνό
558 1063 596 1123 γε
613 1039 802 1124 ἐνδέξομαι,
824 1035 910 1115 ὅκως
930 1034 993 1105 οῦιι
1009 1034 1139 1104 εὐνοέει

133 1155 216 1208 τοῖσι
232 1140 337 1224 έμοίσι
354 1137 535 1224 πρήγμασι,
550 1143 637 1204 τοῖσί
648 1161 683 1204 τε
693 1136 902 1222 λεγομένοισι
918 1134 1086 1221 πρότερον
1102 1137 1140 1201 έιι

134 1235 519 1321 τοῦτονσταθμουμενος
528 1235 583 1301 καὶ
593 1238 638 1323 τῷ
651 1233 750 1320 έόντι,
766 1231 818 1300 ὅτι
829 1232 986 1320 πολιήτης
1000 1233 1062 1318 μὲν
1075 1255 1140 1299 πο-

134 1331 229 1419 λιήτη
244 1324 283 1398 εὖ
298 1330 481 1418 πρήσσοντι
495 1333 636 1418 φθονέει
656 1334 711 1398 καὶ
727 1336 795 1398 ἔστι
811 1329 976 1416 δυσμενής
993 1336 1033 1418 τῇ
1047 1335 1138 1416 σιγή,

136 1426 209 1496 οὐδ’
229 1423 272 1495 δν
292 1431 610 1515 συμβουλευομένου
623 1433 684 1494 τοῦ
699 1425 804 1494 όστοῦ
822 1425 979 1513 πολιήτης
994 1422 1081 1511 ἀνήρ
1098 1421 1139 1491 τοὶ

134 1525 253 1614 όριστιὶ
268 1530 302 1593 σί
317 1528 476 1594 δοκέοντα
488 1524 571 1594 εἶναι
588 1522 812 1612 ὑποθέοιτο,ε
813 1522 879 1612 ίμή
892 1524 1007 1613 πρόσω
1019 1522 1141 1611 ιἰρετῆς

134 1621 266 1710 ἀνήκοι
292 1622 483 1692 σπανιοιδ’
506 1625 568 1692 είσὶ
583 1627 616 1690 οί
630 1631 788 1692 τοιοῦτοι
813 1628 918 1704 ξείνος
933 1625 1018 1704 δὲξε
1019 1630 1081 1714 ίνω
1099 1615 1140 1690 εὖ

133 1721 320 1844 πρήσσοντί
325 1723 393 1789 ἐστι
405 1720 645 1844 εῦμενέστμτον
657 1724 804 1811 πάντων,
806 1724 1138 1846 συμβουλευομένου

132 1849 167 1891 τε
176 1817 221 1889 δν
232 1817 542 1908 συμβουλεύσειε
505 1847 546 1889 τα
555 1821 681 1907 ἄριστα.
695 1820 784 1889 ουτω
792 1848 843 1889 ων
851 1828 1049 1908 κακολογίης
1061 1823 1141 1908 πέρι

132 1927 238 2008 τήςς
205 1923 238 1998 ές
252 1920 473 2042 Δημάρητον,
491 1920 605 1998 ἐόντος
619 1922 690 2006 έμοί
704 1922 826 2004 ξείνου,
842 1925 979 2005 ἔχεσθαί
986 1944 1063 1986 τινα
1077 1925 1140 1986 τοῦ

65 2037 118 2092 238
132 2025 254 2088 λοιποῦ
268 2017 403 2086 κελεύω.
430 2026 542 2086 Ταῦτα
557 2027 650 2096 είπας
661 2019 743 2101 Ξέρξ
744 2044 783 2104 ης
728 2021 865 2096 ξδιε
850 2017 936 2105 ήιε
930 2014 984 2085 διὰ
996 2022 1066 2083 τῶν
1082 2041 1142 2082 νε·

133 2119 242 2201 ιερῶν,
265 2116 320 2181 καὶ
340 2111 575 2201 Λεωνίδεω,’
555 2140 707 2199 ακηιιοως
727 2111 777 2180 ότι
794 2112 950 2199 βασιλεῦς
966 2137 1001 2180 τε
1017 2106 1063 2199 ήν
1085 2116 1142 2180 και

133 2209 316 2299 στρατηγὸς
336 2217 628 2298 Λακεδαιμονίων,
654 2208 845 2280 έιιέλευσε’
825 2209 1056 2297 αποταμόντας
1077 2209 1143 2299 τήν

133 2306 285 2396 κεφαλήν
300 2307 565 2397 ἀνασταυρῶσαι.
589 2311 673 2396 δῆλοί
689 2334 745 2395 μοι
763 2317 913 2380 πολλοῖσι
927 2309 990 2397 μέν
1005 2312 1058 2377 uec?
1078 2308 1142 2378 όῖλ·

133 2416 221 2476 λοισι
236 2415 458 2497 τεκμηρίοισι,
475 2412 513 2478 έν
524 2412 561 2477 δὲ
574 2412 629 2478 καί
639 2413 723 2499 τῷδε
734 2406 926 2496 οῦκήκιστα
939 2401 1071 2495 γέγονε,
1087 2407 1141 2476 ὅτι

132 2503 290 2594 βασιλεῦς
304 2507 427 2593 Ξέρξης
447 2508 585 2576 πάντων
599 2506 641 2594 δὴ
655 2507 796 2594 μάλιστα
816 2505 950 2595 ἄνδρων
970 2507 1141 2594 έθυμοόθη

134 2601 251 2685 ζώοντι
271 2609 440 2694 Λεωνίδη·
471 2603 513 2674 οῦ
529 2604 593 2693 γὰρ
614 2603 657 2673 όν
680 2629 754 2673 κοτε
769 2607 802 2685 ές
818 2604 879 2674 τόν
895 2604 1019 2694 νεκρόν
1032 2613 1142 2675 ταῦτα

132 2699 360 2787 παρενόμησε,
376 2704 446 2770 ἐπεὶ
459 2710 559 2790 τιμᾶν
570 2702 712 2788 μάλιστα
725 2710 895 2823 νρμίζμυσι
905 2711 974 2772 τῶν
986 2702 1050 2790 έγω
1064 2703 1142 2771 οῖδα

107 2797 329 2887 ἀνθρώπων
343 2803 469 2888 Πέρσαι
484 2799 609 2889 ανδρας
623 2797 775 2887 ἆγαθοῦς
788 2827 828 2868 τα
817 2799 1064 2888 πολέμια.οι
1076 2829 1141 2888 μεν

64 2915 115 2969 239
130 2896 171 2987 δή
186 2907 290 2967 ταῦτα
297 2902 457 3020 έπρίευν,
478 2915 563 2970 τοῖσι
577 2903 768 2970 ἐπετέτακτο
790 2905 924 2970 ποιέειν.
950 2901 1083 2987 ’Ἇυειμι
1103 2903 1141 2969 δὲ

132 2998 237 3063 έιιελσε
251 2996 446 3086 τοῦλόγου,
470 3005 510 3089 τῇ
525 3024 581 3085 μοι
601 2999 766 3086 πρότερον
782 2999 915 3080 ἐξέλιπε.
949 2996 1140 3068 Ἐπόθοντο

132 3091 434 3180 Λακεδαιμόνιοι”
415 3120 466 3163 οτι
489 3095 648 3186 βασιλεὺς
664 3101 831 3167 στέλλοιτο
845 3096 949 3166 ἐπὶ
912 3123 974 3185 την
995 3095 1142 3166 Ἑλλάδα

70 3198 73 3202 ’
131 3197 268 3277 πρῶτοι,
277 3190 388 3267 norst
344 3216 433 3260 ουτω
444 3191 484 3280 δή
497 3192 574 3274 ές
540 3220 577 3263 το
588 3195 790 3316 χρηστήριον
799 3187 1043 3282 τδέςΔελφοδς
1055 3195 1141 3266 εἰπέ-

15 3306 16 3310 ’
131 3303 283 3375 πεμήαν,
301 3295 387 3359 ἔνθα
398 3290 440 3378 δη
452 3309 512 3378 σφι
523 3294 670 3382 έχρησθη
681 3319 723 3361 τα
710 3290 834 3385 ολίγω
846 3293 1031 3416 πρότερον
1024 3293 1135 3364 είπου·

121 3383 298 3453 ε’πιίθοντο
317 3388 354 3455 δέ
367 3387 480 3484 τρόπω
501 3398 673 3486 θωμασίῳ.
721 3391 923 3480 Δημάρητος
936 3389 1001 3479 γὰρ
1017 3389 1035 3461 ὁ
1048 3390 1140 3482 Ἀρί
