2378 3840
115 181 179 247 286
495 181 743 239 HERODOTI

116 341 232 428 χάνετε
254 340 470 428 φρονέοντες,
498 339 744 425 ἐπισταμένοισι
766 337 810 418 ὡς
830 341 1036 429 βαρβάροισί
1054 346 1123 413 ἐστι
1166 408 1169 415 .

54 465 100 520 143
116 439 193 509 οὔτε
208 438 327 507 πιστὸν
342 437 419 507 οὔτε
433 436 558 525 ἀληθὲς
572 434 682 504 οὐδέν.
715 443 826 503 Ταῦτα
844 444 958 519 ἔλεξαν
972 445 1008 510 οί
1019 439 1123 528 ἀγγε-

115 549 176 609 λοι.
197 537 368 626 Ἀθηναῖοι
380 541 416 607 δὲ
426 536 510 627 πρὸς
521 539 584 624 μὲν
594 535 812 625 Ἀλέξανδρον
823 537 1049 628 ὑπεκρίναντο
1061 543 1122 610 τά·

116 643 169 706 δε·
201 641 267 706 Καὶ
287 635 382 706 αὐτοὶ
401 639 502 706 τοῦτο’
520 663 559 724 γε
574 637 805 730 ἐπιστάμεθα,
822 637 872 706 ὅτι
887 647 1122 727 πολλαπλησίη

115 736 182 804 ἐστὶ
192 743 238 827 τῷ
250 736 359 828 Μὴδφ
371 736 513 823 δύναμις
523 733 607 823 ἤπερ
617 733 709 822 ἡμῖν,
726 734 810 803 ὥστε
826 733 927 805 οὐδὲν
939 742 1000 815 Δδεί
1017 738 1121 808 τοῦτό

113 865 152 924 γε
163 835 344 919 ὀνειδίζειν.
369 833 442 905 ἀλλ’
459 834 549 922 ὅμως
560 837 753 923 ἐλευθερίης
763 835 953 922 γλιχόμενοι
965 833 1120 924 άμυνεό·

113 947 202 1024 μεθα
219 935 323 1022 οὕτω,
349 934 434 1015 ὅκως
449 930 493 1002 ἀν
506 936 561 1003 καὶ
577 934 768 1020 δυνάμεθα.
798 931 1003 1023 ὁμολογῆσαι
1021 938 1061 1006 δὲ
1075 943 1120 1028 τῷ

112 1038 271 1129 βαρβάρῳ
291 1037 373 1125 μήτε
393 1033 437 1105 σύ
458 1034 559 1124 ἡμέας
576 1039 689 1120 πείρεο
705 1032 905 1103 ἀναπείθειν
925 1035 1003 1104 οὔτε
1023 1032 1119 1124 ἡμεῖς

112 1138 304 1224 πεισόμεθα.
328 1145 393 1203 νῦν
409 1138 446 1205 δὲ
460 1133 647 1222 ἀπάγγελλε
661 1137 863 1226 Μαρδονίῳ,
881 1132 925 1214 ὡς
942 1132 1119 1223 Ἀθηναῖοι

81 1272 83 1275 ’
111 1241 262 1324 λέγουσι,
284 1233 351 1304 ἔστ’
370 1231 414 1304 άν
429 1233 447 1305 ὁ
464 1234 558 1324 ἡλιος
571 1231 634 1321 τὴν
653 1231 759 1322 αάτὴν
774 1231 857 1304 ὁδόν
873 1244 907 1324 ίη
925 1243 967 1325 τῇ
980 1239 1039 1304 καί
1052 1243 1119 1304 νῦν

112 1339 255 1420 ἔρχεται,
271 1333 394 1421 μήκοτε
411 1327 632 1420 ὁμολογήσειν
639 1330 747 1420 ’ἡμέας
760 1335 881 1421 Ξέρξη·
903 1329 988 1401 ἀλλά
1004 1337 1118 1402 θεοῖσί

110 1460 145 1501 τε
155 1433 354 1521 συμμάχοισι
364 1438 503 1501 πίσυνοί
510 1458 568 1517 μιν
579 1433 729 1517 ἐπέξιμεν
746 1427 952 1516 ἀμυνόμενοι
964 1432 1021 1498 καὶ
1031 1443 1117 1499 τοῖσι

109 1529 231 1619 ἡρωσι,
246 1538 313 1597 τῶν
324 1533 451 1609 ἐκεῖνος
460 1527 620 1616 οὐδεμίαν
631 1525 710 1596 ὄπιν
721 1532 805 1613 έχων
816 1529 976 1616 ἐνέπρησε
987 1529 1072 1608 του’ς
1082 1553 1116 1596 τε

111 1637 225 1705 οίκους
240 1628 294 1694 καί
309 1623 349 1694 τά
364 1624 546 1714 ἀγάλματα.
570 1625 614 1693 σά
626 1651 663 1692 τε
676 1631 737 1694 τοῦ
754 1632 875 1694 λοιποῦ
887 1624 1012 1711 λόγους
1031 1633 1112 1714 ἔχων

109 1723 262 1792 τοιούσδε
273 1723 318 1811 μὴ
331 1726 503 1812 ἐπιφαίνεο
517 1723 732 1812 Ἀθηναίοισι,
747 1725 831 1811 μηδὲ
846 1727 974 1794 δοκέων
987 1724 1113 1815 χρηστά

109 1819 311 1909 ὑπουργέειν
326 1821 467 1910 ἀθέμιτα
482 1827 592 1912 ἔρδειν
606 1828 773 1916 παραίνεε.
797 1819 839 1890 οὐ
852 1823 919 1910 γάρ
934 1843 971 1892 σε
986 1824 1114 1912 βουλό·

109 1931 198 2005 μεθα
213 1919 312 1990 οὐδὲν
327 1921 424 2008 άχαρι
439 1920 523 2006 πρὸς
539 1920 729 2008 Ἀθηναίων
749 1932 890 2008 παθεῖν,
913 1921 1013 1990 ἐόντα
1028 1923 1114 2009 πρό-

44 2043 90 2097 144
109 2019 219 2099 ξεινόν
233 2047 268 2088 τε
283 2023 336 2089 καὶ
354 2027 462 2108 φίλον.
496 2019 587 2108 Πρὸς
604 2022 666 2107 μὲν
677 2016 895 2106 Ἀλέξανδρον
907 2027 1013 2089 ταῦτα
1030 2019 1113 2089 ἡπε·

107 2125 281 2204 κρίναντο,
305 2118 389 2205 πρὸς
409 2123 446 2188 δέ
466 2118 546 2199 τούς
566 2117 631 2187 άπδ
652 2120 810 2207 Σπάρτης
832 2118 994 2206 άγγίλονς
1016 2123 1113 2190 τάδε·

112 2214 155 2285 Τδ
169 2216 230 2304 μέν
241 2222 345 2285 δεῖσαι
352 2222 638 2304 Λακεδαιμονίους
646 2215 690 2304 μὴ
699 2215 958 2304 ὁμολογήσωμεν
968 2225 1016 2308 τῷ
1028 2227 1113 2308 βαρ-

106 2319 201 2408 βάρφ
224 2319 328 2404 κάρτα
349 2317 569 2407 ἀνθρωπήιον
587 2312 641 2407 ἡν.
673 2316 756 2406 ἀτάρ
781 2325 922 2407 αίσχρῶς
937 2345 978 2408 γε
1000 2331 1114 2390 οἴκατε

108 2418 354 2506 ἐξεπιστάμενοι
374 2418 411 2488 τὸ
433 2416 625 2507 Ἀθηναίων
644 2419 801 2506 φρόνημα
822 2416 1034 2509 ἀρρωδῆσαι,
1062 2421 1112 2492 ὅτι

107 2514 184 2584 οὔτε
197 2517 319 2604 χρυσός
334 2521 401 2587 ἐστι
412 2526 472 2607 γῆς
484 2517 652 2606 οὐδαμόθι
666 2525 824 2598 τοσοῦτος
834 2518 912 2588 οάτε
921 2520 1016 2609 χάρη
1027 2520 1113 2590 κάλ-

104 2628 157 2686 λεί·
165 2622 219 2687 καί
230 2617 329 2709 ἀρετὴ
340 2625 423 2706 μέγα
435 2618 730 2708 ὑπερφέρουσα,τᾶ
740 2618 834 2707 ἡμεῖς
845 2620 1021 2707 δεξάμενοι
1033 2623 1112 2690 έθέ-

105 2726 220 2802 λοιμεν
232 2713 275 2784 άν
285 2723 482 2805 μηδίσαντες
493 2725 745 2790 καταδουλῶσαι
759 2717 821 2807 τὴν
831 2718 980 2790 Ἑλλάδα.
999 2720 1112 2790 πολλά

101 2842 138 2882 τε
154 2812 219 2900 γάρ
235 2818 289 2884 καὶ
309 2817 436 2903 μεγάλα
457 2820 523 2885 ἐστί
543 2814 582 2884 τά
598 2817 829 2887 διακωλύοντα
843 2824 946 2886 ταῦτα
966 2815 1013 2904 μὴ
1032 2842 1111 2888 ποι-

103 2916 188 3000 έειν,
210 2911 288 3000 μηδ’
310 2910 354 3002 ἡν
375 2917 559 3002 ἐθέλωμεν·
592 2924 706 3002 πρῶτα
726 2918 790 3004 μὲν
806 2920 861 2985 καὶ
881 2919 1021 3003 μέγιστα
1041 2924 1113 2986 τῶν

102 3017 195 3079 θεῶν
209 3008 249 3078 τά
261 3008 433 3099 ἀγάλματα
444 3015 498 3080 καί
510 3012 551 3080 τά
563 3015 724 3101 οίκὴματα
739 3017 993 3102 ἐμπεπρησμένα
1006 3042 1044 3084 τε
1055 3019 1112 3086 καί

103 3113 374 3199 συγκεχωσμένα,
390 3126 474 3180 τοῖσι
488 3109 591 3199 ἡμέας
604 3111 792 3198 ἀναγκαίως
807 3120 872 3199 ἔχει
886 3117 1067 3201 τιμωρέειν
1079 3119 1112 3196 ές

101 3207 141 3276 τά
156 3213 292 3296 μέγιστα
306 3218 434 3297 μᾶλλον
447 3211 531 3299 ἤπερ
544 3209 736 3299 ὁμολογέειν
748 3219 794 3302 τῷ
806 3218 910 3281 ταῦτα
921 3213 1111 3302 ἐργασαμέ-

101 3333 160 3400 νφ,
176 3302 271 3388 αὖτις
282 3309 319 3378 δὲ
329 3308 365 3378 τὸ
378 3308 575 3398 Ἑλληνικὸν
586 3312 643 3380 έδν
658 3311 804 3400 ὅμαιμόν
815 3339 851 3381 τε
862 3315 918 3381 καί
931 3309 1110 3400 ὁμόγλωσ-

88 3426 164 3494 σον,
173 3409 230 3477 καί
241 3415 338 3478 θεάν
348 3409 516 3501 ίδρύματά
526 3437 561 3481 τε
571 3405 668 3480 κοινά
679 3414 735 3480 καί
745 3419 864 3482 θυσίαι
875 3409 963 3499 ἤθεά
974 3439 1011 3482 τε
1024 3412 1109 3504 ὁμό-
