2378 3840
218 232 220 237 <
341 200 808 261 L13.V1.0AP.⁷o-u›.
1039 201 1078 264 01

68 382 160 441 τεος,
177 359 213 424 οί
223 383 286 445 περ
299 355 388 443 εἶχον
398 360 555 444 μέγιστον
566 358 704 441 κράτος·
727 356 908 445 ἀγαγόντες
925 365 964 427 δέ
976 382 1082 447 σφεας

67 457 103 537 ές
126 462 194 542 γῆν
214 454 275 545 τήν
291 453 440 542 Ἀττικήν
461 455 666 543 παραθήκην
690 457 922 526 κατατιθέαται
949 460 981 536 ἐς
1001 455 1081 536 τούς

67 559 245 645 έχδίστους
254 556 453 644 Αἰγινήτῃσι
466 554 674 643 Ἀθηναίους.
697 555 793 624 Μετὰ
806 556 842 625 δέ
856 565 960 625 ταῦτα
972 566 1080 627 Κλεο-
1095 581 1128 635 ης

66 656 174 741 μένεα
191 654 350 723 ἐπάιστον
364 654 552 740 γενόμενον
566 655 854 743 κακοτεχνήσαντα
868 657 901 734 ἐς
914 656 1080 743 Δημάρη-

66 782 131 825 τον
147 761 245 842 δείμα
268 762 366 843 ἔλαβε
382 758 636 842 Σπαρτιητέων,
658 758 713 824 καὶ
728 755 884 841 ὑπεξέσχε
899 759 931 834 ές
949 765 1079 825 Θεσσα-

66 860 163 943 λίην,
179 856 342 925 ἐνθεῦτεν
356 852 393 921 δὲ
403 850 608 940 άπικόμενος
622 856 655 933 ές
665 851 728 941 τήν
738 852 915 940 Ἀρκαδίην
933 854 1079 939 νεύτερα

66 956 216 1039 ἔπρησσε
224 951 412 1040 πρήγματα,
423 951 582 1032 συνιστὰς
592 949 671 1031 τούς
678 949 839 1038 Ἀρκάδας
849 957 902 1021 έπλ
912 961 952 1040 τῇ
960 952 1080 1036 Σπάρ-

65 1076 120 1140 τη,
135 1046 260 1128 ἄλλους
270 1076 305 1118 τε
315 1048 440 1137 ὅρκους
450 1055 633 1137 προσάγων
644 1072 705 1138 σφι
716 1043 738 1137 ή
749 1053 811 1136 μέν
822 1053 967 1131 ἕωεσθαί
974 1070 1079 1136 σφεας

65 1145 160 1237 αὐτῷ
170 1139 262 1237 τῇάν
271 1148 451 1237 ἐξηγέηται,
461 1149 519 1220 καὶ
528 1147 569 1239 δή
579 1147 636 1220 καὶ
647 1149 866 1233 έςΝύνακριν
879 1148 979 1217 πόλιν
991 1148 1077 1234 πρό-

66 1254 180 1330 θυμος
194 1235 238 1330 ήν
254 1253 322 1312 τῶν
340 1244 511 1332 Ἀρκάδων
526 1244 605 1326 τούς
621 1253 847 1332 προεστεῶτας
863 1245 1007 1333 ἀγινέων
1023 1249 1077 1325 έξ-

66 1347 196 1428 ορκοῦν
210 1338 247 1409 τό
264 1341 397 1429 Στυγός
411 1342 512 1428 ὕδωρ.
535 1345 573 1411 έν
583 1344 621 1409 δέ
633 1343 737 1431 ταύτη
746 1351 787 1432 τῇ
798 1344 876 1411 πόλι
885 1346 1014 1430 λέγεται
1029 1340 1077 1409 εί·

67 1466 125 1508 ναι
135 1436 192 1506 ὑπ’
206 1436 378 1524 Ἀρκάδων
388 1439 426 1511 τό
432 1441 566 1529 Στυγός
578 1440 682 1528 ύδωρ,
690 1445 745 1510 καὶ
757 1441 797 1530 δή
806 1446 936 1513 καὶέστι
945 1445 1077 1513 τοιόνδε

66 1565 116 1609 τι·
137 1538 232 1629 ὕδωρ
249 1538 365 1628 ὀλίγον
382 1543 592 1629 φαινόμενον
606 1543 642 1610 έκ
657 1545 778 1628 πέτρης
793 1543 901 1624 στάζει
916 1546 949 1621 ές
962 1542 1077 1629 ἄγκος,

68 1634 105 1705 τό
120 1636 158 1705 δέ
173 1635 275 1722 άγκος
296 1645 451 1727 αίμασιής
465 1668 515 1719 τις
526 1643 687 1730 ,περιθέει
703 1640 836 1720 κύκλος.
863 1639 884 1729 ή
901 1642 938 1710 δὲ
951 1642 1078 1710 Νάνα-

67 1760 158 1821 κρις,
174 1737 213 1802 έν
226 1733 299 1825 τῇή
317 1736 405 1826 πηγή
422 1737 508 1825 αύτη
524 1739 681 1825 τυγχάνει
697 1741 817 1825 έοῦσα,
833 1741 929 1818 πόλις
940 1744 1007 1809 ἐστὶ
1021 1746 1078 1826 τῆς

65 1832 239 1920 Ἀρκαδίης
249 1832 333 1920 πρός
341 1843 465 1927 Φενεῷ.
475 1838 658 1916 Μαθόντες
665 1838 967 1924 δὲΛακεδαιμόνιοι
975 1845 1076 1905 Κλεο-
1092 1849 1125 1904 λε

68 1937 170 2021 μένεα
191 1938 294 2000 ταῦτα
320 1935 514 2022 πρήσσοντα
535 1943 681 2022 κατῆγον
706 1933 812 2002 αύτδν
836 1940 1003 2014 δείσαντες
1024 1939 1076 2003 έπὶ

68 2047 152 2100 τοῖσι
168 2029 297 2100 αύτοϊσι
305 2037 339 2112 ἐς
347 2036 528 2122 Σπάρτην,
542 2049 628 2103 τοῖσι
638 2037 694 2102 καὶ
705 2034 872 2121 πρότερον
885 2027 973 2121 ἦρχε.
996 2060 1077 2101 κατ·

71 2132 215 2202 ιλθόντα
230 2132 266 2200 δέ
283 2131 388 2201 αὐτόν
407 2131 527 2202 αύτίκα
542 2132 688 2221 ὑπέλαβε
705 2141 806 2220 μανίη
823 2140 961 2216 νοῦσος,
977 2135 1075 2200 έόντα

70 2233 123 2300 καὶ
149 2230 315 2319 πρότερον
336 2229 629 2319 ὑπομαργότερον·
662 2230 748 2311 ὅκως
769 2231 834 2316 γάρ
858 2255 921 2321 τεφ
944 2230 1077 2315 ἐντύχοι

67 2332 323 2416 Σπαρτιητέων,
346 2335 502 2417 ἐνέχραυε
522 2334 556 2409 ές
575 2328 612 2398 τό
634 2331 817 2416 πρόσωπον
836 2326 873 2396 τό
894 2333 1072 2415 σκῆπτρον.

66 2438 229 2498 ποιεῦντα
242 2431 279 2499 δέ
290 2429 395 2499 αὐτόν
404 2437 510 2500 ταῦτα
522 2432 576 2498 καί
589 2429 897 2517 παραφρονήσαντα
908 2431 1032 2512 ἔδησαν
1044 2430 1077 2493 οί

67 2527 294 2614 προσήκοντες
309 2530 346 2594 έν
360 2527 465 2616 ξύλω·
489 2525 556 2594 ὁδδ
570 2531 680 2606 δεθεὶς
692 2524 754 2594 τόν
768 2526 923 2610 φύλακον
938 2550 1075 2610 μουνω-

66 2629 172 2693 θέντα
190 2621 273 2692 ίδων
287 2632 356 2692 τῶν
370 2621 482 2692 ἄλλων
497 2633 585 2691 αἴτεε
600 2624 783 2710 μάχαιραν,
808 2620 850 2690 ού
864 2625 1074 2710 βουλομένου

65 2727 102 2794 δέ
115 2722 158 2792 τά
173 2731 288 2810 πρῶτα
298 2733 359 2792 τοῦ
371 2724 528 2809 φυλάκου
543 2724 674 2792 διδόναι
688 2723 820 2812 ήπείλεε
833 2724 874 2791 τά
886 2750 945 2810 μιν
959 2726 1075 2800 λυθεὶς

64 2823 215 2909 ποιήσει,
231 2824 264 2900 ές
278 2819 297 2889 ό
314 2827 425 2902 δείσας
439 2819 499 2901 τάς
513 2820 651 2902 ἀπειλάς
665 2819 684 2890 ὁ
696 2824 847 2910 φύλακος
861 2818 920 2910 (ἦν
930 2821 995 2908 γάρ
1007 2827 1075 2888 τῶν

68 2946 116 3001 τις
132 2925 309 3007 εἱλωτέων)
325 2925 415 2991 διδοῖ
429 2927 464 2989 οί
475 2923 651 3008 μάχαιραν.
674 2924 864 3008 Κλεομένης
874 2922 909 2988 δὲ
921 2928 1073 3003 παραλα-

64 3017 139 3108 βάιν
154 3016 215 3087 τὸν
229 3024 368 3107 σίδηρον
381 3019 498 3107 ήρχετο
514 3023 629 3088 ἐκτῶν
643 3023 798 3108 κνημέων
814 3016 940 3086 έωυτὸν
949 3017 1074 3102 λωβεό-

63 3142 183 3205 μενος·
199 3118 390 3205 ἐπιτάμνων
400 3116 465 3206 γάρ
477 3117 560 3187 κατά
571 3127 676 3206 μῆκος
686 3117 745 3198 τάς
756 3117 882 3201 σάρκας
895 3117 1072 3201 προέβαινε

64 3219 103 3284 ἐκ
119 3223 189 3283 τόν
204 3223 358 3304 κνημέων
372 3221 405 3297 ές
420 3216 499 3298 τούς
514 3218 659 3306 μηρούς,
674 3223 711 3287 ἐκ
726 3222 762 3286 δὲ
776 3224 845 3284 τῶν
859 3221 976 3302 μηρόν
991 3220 1024 3293 ές
1038 3241 1073 3280 τε

62 3311 105 3388 τά
120 3319 209 3400 ἰσχία
228 3319 284 3385 καὶ
297 3315 356 3396 τάς
372 3318 540 3404 λαπάρας,
563 3322 596 3398 ἐς
616 3315 637 3386 δ
650 3321 683 3396 ές
703 3315 765 3403 τήν
780 3314 924 3401 γαστέρα
939 3310 1074 3380 ἀπίκετο

66 3417 126 3484 καὶ
139 3414 266 3500 ταύτην
280 3416 534 3502 καταχορδεύων
555 3415 706 3485 ἀπέθανε
725 3413 838 3504 τρόπῳ
852 3412 1011 3504 τοιούτφ,
1035 3409 1079 3488 ὡς
