2378 3840
309 198 393 255 LIB.
425 197 497 253 vm.
531 195 630 253 ΟΑΡ.
662 199 822 254 98-101.
1003 188 1065 252 ἳδό

58 354 123 442 ήδη
138 354 326 423 δοκεόντων
340 354 568 444 κατεργάσθαι
583 349 713 440 άποβάς
727 349 792 419 άπὸ
807 359 876 419 τῶν
886 359 978 419 νεῶν
991 378 1065 419 πει-

59 452 195 539 ρήσεται
209 449 435 539 ἀντιωθῆναι,
456 449 529 520 οὔτ’
550 453 587 518 έιι
608 457 665 536 τῆς
680 445 822 535 ἠπείρου
839 454 953 537 τῆσδε·
981 454 1064 518 οἵτε

57 547 138 636 ἡμῖν
151 546 385 637 ήντιάθησαν,
402 555 523 618 ἔδοσαν
537 554 639 626 δίκας.
662 552 693 614 εί
705 552 767 634 μέν
783 573 850 615 νυν
867 552 985 634 δοκέει,
1002 545 1064 614 αύ-

59 653 132 716 τίκα
138 645 350 735 πειρεύμεθα
357 649 417 731 τής
427 640 706 730 Πελοποννήσου·
718 650 748 712 εί
757 647 794 712 δὲ
805 648 860 713 καλ
872 647 979 713 δοκέει
991 647 1064 712 έπι-

58 758 166 832 σχετν,
186 747 321 830 παρέχει
336 747 464 812 ποιέειν
479 751 592 811 ταῦτα.
613 741 657 830 μή
674 742 710 811 δέ
727 744 914 830 δυσθύμεε·
941 740 983 810 ού
997 742 1064 827 γάρ

58 848 127 913 ἐστι
142 842 278 928 Ἕλλησι
298 841 437 931 οὐδεμία
457 846 591 921 ἔκδυσις
610 839 655 929 μή
676 839 717 909 ού
738 841 858 922 δόντας
876 840 980 927 λόγον
996 847 1065 909 τῶν

58 945 220 1028 έποίησαν
239 947 305 1006 νῦν
321 965 357 1007 τε
376 939 611 1026 καὶπρότερον
626 937 808 1018 ελναισοδς
823 938 976 1017 δούλους.
999 939 1064 1025 μά-

57 1049 153 1109 λιστα
166 1041 229 1125 μέν
249 1064 315 1104 νυν
335 1044 441 1106 ταῦτα
457 1044 565 1106 ποίεε·
594 1043 624 1105 εί
643 1035 675 1104 δ’
695 1036 760 1124 άρα
780 1063 831 1106 τοι
846 1038 1063 1125 βεβούλευται

58 1135 163 1205 αὐτόν
184 1134 417 1204 ἀπελαύνοντα
439 1134 581 1223 άπάγειν
601 1132 663 1223 τήν
680 1134 866 1224 στρατιήν,
878 1135 984 1222 ἄλλην
1001 1141 1063 1221 έχιο

58 1240 113 1305 καὶ
127 1239 163 1305 ἐκ
180 1240 287 1302 τῶνδε
300 1235 438 1323 βουλήν.
462 1233 506 1303 σύ
519 1239 668 1322 Πέρσας,
685 1243 842 1323 βασιλεύ,
862 1234 906 1324 μή
922 1236 1064 1324 ποιήσῃς

58 1333 323 1419 καταγελάστους
352 1335 512 1420 γενέσθαι
533 1333 676 1423 Ἕλλησι.
715 1333 816 1404 οὐδὲν
836 1332 901 1420 γάρ
922 1337 959 1402 έν
978 1347 1063 1401 τοῖσι

56 1434 209 1520 Πέρσησί
218 1456 269 1497 τοι
282 1428 463 1518 δεδήληται
470 1435 539 1499 τάν
548 1430 764 1520 πρηγμάτων,
778 1426 859 1498 ούδὲ
870 1431 969 1517 ἐρέεις
978 1429 1063 1498 ὅκου

57 1530 243 1617 ἐγενόμεθα
255 1526 376 1617 άνδρες
390 1537 496 1600 κακοί.
521 1537 551 1599 εί
561 1534 597 1598 δὲ
609 1535 763 1608 Φοίνικές
773 1557 808 1598 τε
819 1534 874 1599 καλ
884 1530 1063 1616 Αἰγύπτιοι

57 1631 113 1695 καὶ
126 1627 276 1713 Κύπριοί
288 1654 324 1695 τε
338 1631 395 1696 καλ
407 1635 542 1706 Κίλικες
555 1631 651 1696 κακολ
668 1631 838 1715 ἐγένοντο,
861 1625 962 1695 ούδλν
979 1624 1063 1714 πρὸς

57 1727 188 1811 Πέρσας
199 1730 298 1791 τούτο
310 1725 471 1812 προσήκει
481 1724 518 1792 τό
530 1726 650 1804 πάθος.
665 1724 729 1813 ἤδη
742 1719 790 1793 όν
802 1721 914 1813 ἐπειδὴ
925 1723 1063 1810 ούΠέρ-

58 1842 114 1889 σαι
124 1847 175 1889 τοι
187 1828 290 1890 αλτιοί
298 1829 372 1909 είσι,
390 1826 463 1910 έμολ
473 1831 607 1892 πείθεο·
630 1833 664 1892 ελ
670 1849 721 1892 τοι
732 1826 885 1892 δέδοκται
896 1821 941 1910 μή
953 1847 1063 1910 παρα-

56 1923 182 2007 μένειν,
200 1917 243 1987 σύ
261 1923 324 2006 μὲν
338 1920 469 2009 έςήθεα
479 1919 519 1988 τά
535 1928 686 1988 σεωυτοῦ
700 1920 877 2005 άπέλαννε,
893 1927 951 2007 τῆς
961 1941 1064 2006 στρα-

56 2025 127 2103 τιῆς
141 2015 282 2105 ἀπάγων
295 2016 333 2087 τό
350 2013 492 2105 πολλόν,
508 2019 564 2107 ἐμέ
576 2022 616 2087 δέ
627 2040 681 2088 σοι
694 2017 756 2107 χρή
771 2017 983 2106 τὴνἙλλάδα
997 2043 1063 2086 πα-

56 2128 191 2201 ρασχεϊν
211 2119 484 2205 δεδουλωμένην,
505 2118 685 2206 τριήκοντα
698 2118 864 2204 μυριάδας
884 2127 946 2186 τού
961 2138 1063 2206 στρα-

56 2222 117 2282 τοῦ
133 2211 391 2302 ἀπολεξάμενον.
416 2223 529 2283 Ταῦτα
540 2213 688 2295 ἀκούσας
700 2217 823 2303 Ξέρξης
841 2212 885 2295 ὡς
898 2220 934 2283 έκ
949 2220 1063 2283 κακῶν
1079 2228 1126 2280 101

57 2313 156 2400 ε’χάρη
172 2340 208 2380 τε
223 2317 278 2382 καλ
290 2313 401 2402 ἥσθη,
424 2313 509 2402 πρός
523 2315 726 2403 Μαρδόνιόν
739 2341 775 2383 τε
791 2317 1062 2403 βουλευσάμενος

57 2418 121 2498 ἔφη
131 2409 394 2496 ὑποκρινέεσθαι
405 2410 566 2502 ὁκότερον
574 2414 706 2501 ποιήσει
714 2414 853 2485 τούτων.
868 2413 913 2494 ὡς
924 2417 1060 2504 δὲέβον-

57 2510 173 2577 λεύετο
189 2508 257 2595 ἅμα
267 2516 427 2595 Περσέων
441 2526 526 2579 τοῖσι
538 2513 753 2598 ἐπικλήτοισι,
769 2516 864 2592 ἔδοξέ
873 2518 908 2580 οί
919 2515 974 2580 καλ
985 2511 1060 2598 Ἀρ-

56 2611 207 2691 τεμισίην
227 2607 260 2684 ές
274 2613 484 2694 συμβουλίην
502 2613 797 2696 μεταπέμψασθαι,
824 2609 875 2677 ότι
896 2610 1062 2695 πρότερον

57 2708 211 2789 ἐφαίνετο
226 2705 336 2791 μούνη
356 2707 481 2772 νοεύσα
504 2705 545 2773 τά
556 2709 694 2792 ποιητέα
707 2699 764 2792 ήν.
785 2703 829 2786 ὡς
842 2709 878 2776 δὲ
889 2705 1059 2794 άπίκετοὴ

52 2806 254 2893 Ἀρτεμισίη,
277 2807 566 2894 μεταστησάμενος
579 2803 658 2886 τούς
672 2805 810 2893 άλλονς,
830 2807 910 2885 τούς
924 2832 960 2875 τε
974 2827 1061 2893 συμ-

56 2906 202 2993 βούλους
220 2904 381 2989 Περσέων
400 2907 455 2972 καλ
477 2901 557 2984 τούς
577 2903 807 2991 δορυφόρους,
830 2909 918 2984 ἔλεξε
938 2908 1060 2990 Ξέρξης

56 3004 150 3072 τάδε·
179 3003 320 3070 Κελεύει
332 3029 375 3090 με
388 3003 585 3090 Μαρδόνιος
599 3005 744 3090 μένοντα
759 3001 865 3071 αὐτοῦ
879 3012 1061 3090 πειρᾶσθαι

56 3108 113 3184 τῆς
127 3101 407 3188 Πελοποννήσου,
424 3101 534 3188 λέγων
552 3101 597 3181 όές
609 3129 667 3188 μοι
677 3101 806 3189 Πέρσαι
816 3127 852 3169 τε
866 3099 950 3169 καλό
965 3099 1061 3181 πεζός

56 3194 195 3285 στρατός
210 3195 350 3278 ούδενδς
366 3206 525 3286 μεταίτιοι
545 3199 675 3279 πάθεός
693 3206 772 3284 είσι,
794 3195 879 3266 ἄλλά
893 3198 1059 3286 βουλομέ-

56 3300 148 3364 νοισί
161 3314 221 3380 σφι
237 3296 363 3380 γένοιτ’
381 3294 426 3365 δν
443 3297 606 3379 ἀπόδεξις.
630 3299 687 3387 ἐμὲ
702 3291 750 3366 τόν
766 3293 789 3385 ἦ
812 3304 916 3366 ταῦτα
930 3298 1059 3366 κελεύει

54 3397 197 3477 ποιέειν,
213 3390 348 3481 ήαύτδς
364 3397 474 3467 ἐθέλει
485 3397 664 3486 τριήκοντα
676 3397 841 3484 μυριάδας
855 3393 1061 3476 ἀπολεξάμε-
