2378 3840
350 164 435 226 LIB
469 165 515 222 IX.
549 163 648 222 cAP.
685 170 768 226 79-
781 173 824 227 ΒΒ.
1024 168 1089 232 327

81 329 141 390 τοῦ
164 325 306 408 χαλκέου
326 319 529 401 ἐπεστεδς”
506 339 643 407 αγχιστα
663 329 724 389 τοῦ
743 331 877 415 ῥυμοῦ,
904 332 958 397 καλ
978 337 1024 421 τῷ
1047 334 1086 400 ἐν

77 426 237 508 Ολυμπίη
251 425 322 510 θεῷ
336 416 553 503 έξελόντες,’
534 416 593 485 στ’
605 410 646 506 ἧς
657 421 849 508 δεκάπηχυν
861 425 1005 510 χάλκεον
1014 434 1083 496 Δία

79 509 262 605 ἀνέθηκαν,
277 520 332 586 καί
342 545 388 608 τῳ
374 519 440 584 ἐν
451 514 573 608 Ἰσθμῷ
587 515 703 608 θεῷ,’
684 515 742 585 απ’
755 511 795 606 ἧς
805 522 992 609 ἑπτάπηχυς
1002 524 1083 609 χάλ-

78 620 351 696 κεοςΠοσειδέυν
358 616 534 702 ἐξεγένετο,
545 640 649 682 ταυτα
656 617 869 696 έξελοντες
832 645 872 687 τοι
882 618 981 689 λοιπά
994 627 1083 690 διαι-

78 718 194 800 ρέοντο
208 715 264 782 καί
281 715 437 800 ἐλαβου”
416 734 549 780 εκαστοι
560 718 630 779 τοῖν
640 707 762 792 άξιοι
739 733 837 802 ησαυ,
854 715 960 784 καί
922 744 982 796 τας
996 728 1082 787 παλ-

77 809 181 890 λακάς
195 817 263 878 τῶν
273 812 432 897 Περσέων
443 811 499 878 καί
509 807 569 877 τόν
582 807 709 895 χρυσόν
723 813 778 878 καλ
789 809 851 879 τόν
861 809 1012 901 άργυρον
1026 819 1084 883 καί

76 909 161 977 άλλοι
175 907 326 994 χρήματά
341 932 377 974 τε
399 908 454 976 καί
469 903 644 992 ὑποζύγια.
670 903 753 974 Ὅσα
769 911 831 995 μέυ
851 936 917 978 νυν
932 916 1080 997 ἐξαίρετα

75 1021 161 1074 τοῖσι
173 1001 388 1090 ἀριστεύσασι
402 1001 515 1071 αὐτῶν
532 1007 570 1071 έν
582 1010 768 1092 Πλαταιῇσι
783 1006 906 1094 ἐδόθη,
928 1006 970 1075 οὐ
984 1011 1080 1096 λέγε-

74 1129 128 1169 ται
141 1100 226 1189 πρός
237 1100 405 1190 οὐδαμῶν,
420 1103 526 1169 δοκέω
537 1098 568 1169 δ’
583 1106 687 1187 ἔγωγε
697 1103 753 1169 καί
763 1102 911 1172 τοότοισι
923 1108 1077 1192 δοθῆναι.

74 1207 251 1290 Παυσανίη
266 1195 425 1270 δὲ’πάντα
439 1201 520 1268 δέκα
533 1201 688 1287 ἐξαιρέθη
702 1225 737 1268 τε
751 1202 807 1269 καί
820 1201 942 1290 ἐδόθη,
958 1215 1079 1287 γυναί-

74 1323 145 1383 κες,
163 1299 275 1383 ἵπποι,
290 1298 446 1384 τάλαντα,
464 1297 618 1384 κάμηλοι,
637 1292 681 1375 οἳς
695 1297 733 1364 δὲ
746 1295 856 1376 νότιος
871 1296 977 1366 καὶτὰ
992 1296 1078 1368 ἄλλα

73 1394 231 1480 χρήματα.
254 1397 393 1481 Λέγεται
404 1394 595 1463 δὲκαὶ-τάδε
607 1397 778 1482 γενέσθαι,
797 1392 841 1476 ὦς
851 1400 974 1484 Ξέρξης
988 1397 1075 1482 φεύ·
1091 1413 1128 1468 8²

72 1518 143 1579 γιον
157 1494 194 1560 ἐκ
209 1498 268 1578 τῆς
276 1490 433 1572 Ἑλλάδος
443 1496 631 1579 Μαρδονίου
645 1489 707 1579 την
721 1491 930 1580 κατασκευὴν
941 1499 1077 1562 καταλί-
1115 1555 1118 1558 .

72 1616 128 1658 ποι
139 1587 201 1676 τὴν
215 1592 358 1659 έυυτοῦ·
380 1597 580 1677 Παυσανίην
591 1615 640 1658 ων
651 1587 791 1677 ὁρέοντα
801 1588 863 1678 τὴν
873 1596 1075 1680 Μαρδονίου

73 1684 281 1773 κατασκευὴν
300 1695 412 1778 χρυσῷ
432 1714 469 1755 τε
487 1689 543 1755 καί
561 1683 699 1777 άργάρῳ
721 1689 778 1755 καί
797 1686 1075 1776 παραπετάσμασι

72 1792 250 1854 ποικίλοισι
269 1791 578 1872 κατεσκευασμένην
599 1792 755 1855 κελεῦσαι
774 1787 854 1864 τούς
874 1812 910 1855 τε
932 1785 1077 1875 άρτοκό-

71 1909 157 1962 πους
179 1885 234 1952 καί
252 1879 333 1963 τούς
353 1882 537 1966 ὀψοποιοὺς
557 1881 642 1951 κατὰ
662 1880 767 1951 ταύτά
789 1881 872 1950 κατὰ
889 1889 1077 1974 Μαρδονίῳ

71 1985 209 2050 δείπνου
220 1983 493 2069 παρασκευάζειν.
506 1980 551 2062 ὡς
560 1982 597 2051 δέ
608 1982 824 2069 κελευόμενοι
835 1975 929 2051 οὗτοι
940 1984 1077 2052 ἐποίευν

69 2085 191 2165 ταῦτα,
214 2081 364 2149 ἐνθαῦτα
384 2078 445 2148 τόν
458 2087 658 2167 Παυσανίην
678 2079 794 2150 ίδόντα
810 2088 925 2160 κλίνας
941 2107 977 2150 τε
991 2107 1077 2167 χρυ-

70 2179 146 2255 σέας
161 2178 217 2244 καί
231 2173 397 2266 άργυρέας
411 2172 452 2247 εὖ
468 2181 675 2267 ἐστρωμένας
691 2180 746 2246 καί
765 2179 925 2262 τραπέζας
938 2204 974 2247 τε
992 2203 1077 2265 χρυ-

69 2278 147 2351 σέας
166 2276 221 2342 καί
238 2272 404 2363 άργυρέας
426 2280 481 2346 καί
501 2274 719 2365 παρασκευὴν
738 2279 991 2367 μεγαλοπρεπέα
1013 2282 1076 2345 τοῦ

71 2379 229 2458 δείπνου,
244 2375 449 2462 ἐκπλαγέντα
459 2373 500 2444 τά
513 2382 716 2465 προκείμενα
727 2372 842 2462 άγαδά
856 2383 1010 2445 κελεῦσαι
1022 2377 1077 2442 ἐπὶ

69 2476 187 2559 γέλωτι
199 2467 278 2549 τοός
288 2475 420 2544 ἑαυτοῦ
427 2477 607 2563 διηκόνους
616 2477 869 2561 παρασκευάσαι
875 2476 1076 2545 Λακωνικόν

70 2575 218 2637 δεῖπνον.
244 2564 289 2644 ὡς
304 2569 341 2637 δέ
353 2577 411 2656 τῆς
425 2578 546 2658 θοίνης
560 2578 758 2660 ποιηθείσης
766 2564 811 2658 ἦν
824 2571 952 2641 πολλὸν
965 2571 1003 2642 τό
1015 2579 1076 2660 μέ-

68 2687 142 2752 σον,
154 2662 214 2733 τόν
223 2672 423 2754 Παυσανίην
435 2669 624 2755 γελάσαντα
634 2671 912 2754 μεταπέμψασθαι
923 2679 991 2741 τῶν
1000 2669 1076 2744 Ἑλ-

67 2763 182 2851 λήνων
195 2759 276 2840 τούς
289 2763 504 2852 στρατηγοάς,
520 2765 760 2834 συνελθόντων
774 2766 811 2833 δέ
822 2768 954 2837 τούτων
969 2775 1075 2839 είπεῑν

68 2860 127 2930 τὸυ
139 2865 350 2950 Παυσανίην,
367 2863 546 2931 δεικνύντα
561 2864 594 2942 ἐς
609 2864 768 2950 ἑκατέρην
781 2869 844 2931 τοῦ
859 2867 998 2934 δείπνου
1011 2866 1075 2954 την

66 2957 300 3047 παρασκευήν·
313 2956 473 3048 ’Ἀνδρες’
465 2969 624 3048 Ελληνες,
636 2965 786 3030 τῶνδε“
754 2988 883 3032 εινεκεν
894 2963 959 3051 ἐγά
969 2962 1076 3089 υμέας

67 3056 271 3144 συνήγαγον,
282 3057 519 3145 βουλόμενος’
500 3074 582 3148 υμίν
592 3085 654 3128 του
639 3060 833 3148 Μήδου
795 3088 859 3150 την
870 3061 1074 3153 άφροσυνην

66 3152 208 3239 δέξαι,“
188 3180 225 3232 ος
238 3154 371 3242 τοιήνδε
386 3159 517 3226 δίαιταν
530 3162 615 3245 έχυυ
624 3150 712 3245 ηλδε
726 3161 759 3238 ἐς
768 3156 925 3247 ημέας“’
882 3187 971 3230 ουτω
983 3160 1074 3246 δίζυ-

65 3276 132 3337 ρην
146 3250 313 3337 ἔχοντας’
294 3255 572 3342 απαιρησόμενος.
599 3263 712 3324 Ταῦτα
726 3258 788 3343 μέν
801 3265 1002 3347 Παυσανίην
1017 3266 1075 3330 λέ·

63 3373 157 3436 γεται
167 3351 273 3415 είπιίν
283 3348 367 3437 πρὸς
376 3349 456 3433 τούς
466 3352 672 3442 στρατηγοὺς
682 3363 750 3423 τῶν
754 3353 1072 3450 Ελλήνων,υστέρμ
1085 3377 1123 3434 85

1066 3526 1128 3608 ,ἃ
