2378 3840
305 181 392 241 ιιε.
424 183 482 240 vn.
516 181 614 239 οΑν.
648 189 823 271 ιιι-ιω.
1010 187 1074 252 203
1097 164 1145 223 θ

63 344 191 428 Θρηίκῃ
206 344 402 426 παρείχοντο
421 350 526 410 εἴκοσι
541 341 597 408 καί
612 339 741 410 ἑκατόν.
775 346 812 412 ἐκ
829 348 893 432 μίν
907 371 974 414 νυν
990 346 1074 415 τού-

62 463 130 505 των
150 443 218 506 τύν
238 443 327 505 νεοίν
346 436 468 526 ἄνδρες
484 446 737 526 τετρακισχίλιοι
760 444 816 509 καί
831 442 1003 529 δισμύριοι
1017 448 1072 530 γί-

60 559 187 603 νονται.
210 540 310 616 πεζοῦ
328 539 381 623 δέ,
403 533 464 604 τὸν
478 536 621 624 Θρήικες
641 543 838 624 παρείχοντο
856 541 911 608 καί
925 546 1071 618 Παίονες

60 635 116 701 καί
133 629 261 720 Ἐορδοῖ
280 637 337 702 καί
356 643 524 723 Βοττιαῖοι
539 635 597 704 καί
618 630 655 701 τῦ
670 635 877 706 Χαλκιδικὸν
896 642 995 726 γένος
1015 639 1071 707 καί

60 731 188 816 Βρύγοι
204 732 260 800 καί
269 737 388 817 Πίερες
402 735 456 800 καί
467 731 667 809 Μακεδόνες
677 733 733 800 καί
741 737 926 822 Περραιβοὶ
940 734 996 801 καί
1017 732 1072 800 Ἐ-

61 835 175 914 νιῆνες
194 831 251 897 καί
265 829 419 908 Δόλοπες
434 832 489 897 καὶ
502 826 684 914 Μάγνητες
704 832 760 897 καὶ
779 828 899 916 ’Λχαιοῖ
919 833 974 898 καί
995 829 1069 897 ὅσοι

61 932 119 1013 τῆς
130 932 277 1013 Θρηίκης
286 923 349 1014 τὴν
358 932 526 1013 παραλίην
536 927 704 1012 νέμονται,
715 927 847 1009 τούτων
857 933 926 995 τῶν
939 927 1071 996 ἐθνέων

62 1025 242 1111 τριήκοντα
258 1024 423 1113 μυριάδας
439 1027 543 1093 δοκέω
561 1025 731 1110 γενέσθαι.
763 1015 862 1092 αὗται
884 1016 933 1091 οῦν
953 1028 990 1091 αί
1005 1049 1072 1109 μυ-

63 1122 176 1206 ριάδες
187 1124 332 1211 ἐκείνῃσι
342 1131 578 1209 προστεθεῖσαι
591 1127 666 1210 τῇσι
682 1123 718 1188 ἐκ
729 1127 787 1208 τῆς
799 1117 906 1207 Ἀσίης
919 1126 1072 1207 γίνονται

63 1221 99 1285 αί
113 1224 216 1285 πᾶσαι
231 1215 368 1305 άνδρῦν
382 1222 418 1287 αί
426 1217 563 1305 μάχιμοι
573 1217 734 1306 μυριάδες
745 1218 913 1304 διηκόσιαι
928 1221 984 1286 καί
995 1217 1072 1304 ἐξη-

64 1342 166 1385 κοντα
177 1317 232 1384 καί
242 1316 403 1403 τέσσερες,
415 1322 520 1385 έπεισι
533 1317 569 1384 δέ
579 1315 718 1406 ταύτησι
731 1315 947 1396 ἑκατοντάδες
958 1319 1071 1385 ἐκκαί-

64 1419 144 1482 δεκα
159 1417 214 1482 καί
230 1415 337 1492 δεκάς.
364 1421 434 1483 Τοῦ
444 1421 589 1501 μαχίμου
604 1417 640 1483 δὲ
655 1414 779 1484 τούτου
793 1414 907 1494 ἐόντος
922 1411 1073 1501 άριθμῦν
1088 1431 1142 1488 186

63 1512 238 1597 τοσούτου,
246 1507 309 1597 τὴν
319 1517 510 1598 θεραπηίην
521 1509 584 1599 τὴν
592 1516 759 1600 ἑπομένην
768 1512 917 1581 τούτοισι
927 1515 983 1581 καὶ
993 1509 1072 1590 τοῦς

63 1615 101 1680 ἐν
115 1624 200 1680 τοῖσι
222 1623 435 1697 σιταγωγοῖσι
455 1607 607 1689 άκάτοισι
623 1611 738 1690 ἐόντας
758 1612 814 1681 καί
826 1611 916 1700 μάλα
932 1615 970 1680 ἐν
985 1625 1072 1681 τοῖσι

64 1709 194 1777 άλλοισι
210 1716 355 1776 πλοίοισι
369 1720 454 1774 τοῖσι
466 1704 535 1792 άμα
546 1707 697 1776 πλάουσι
712 1715 752 1798 τῇ
768 1715 914 1797 στρατιῇ,
929 1709 1072 1786 τούτους

65 1812 133 1872 τῶν
149 1810 301 1891 μαχίμων
320 1801 457 1891 ἀνδρῶν
477 1799 519 1870 οῦ
540 1805 646 1872 δοκέω
663 1802 748 1873 εἶναι
764 1806 961 1892 ἐλάσσονας,
986 1802 1071 1875 άλλά

65 1910 220 1982 πλεῦνας.
245 1904 301 1972 καὶ
315 1902 358 1991 δη’
372 1921 478 1989 σφεας
492 1903 596 1972 ποιέω
610 1914 705 1983 ἴσους
719 1906 875 1972 ἐκείνοισι
890 1904 992 1990 εἶναι,
1017 1908 1072 1972 καί

65 2001 143 2069 οῦτε
153 2007 300 2080 πλεῦνας
311 2001 390 2070 οῦτε
402 2001 585 2082 ἐλάσσονας
596 2000 714 2072 ούδέν·
737 2003 947 2090 ἐξισούμενοι
962 2006 998 2072 δὲ
1010 1995 1073 2071 οῦ-

67 2125 115 2170 τοι
131 2107 177 2191 τῷ
198 2107 328 2193 μαχίμῳ
342 2104 545 2188 ἐκπληροῦσι
565 2098 624 2180 τάς
645 2111 718 2181 ίσοις
734 2101 901 2190 μυριάδας
915 2105 1069 2192 έκείνησι.

65 2198 154 2267 οὕτω
168 2203 387 2276 πεντακοσίας
407 2222 442 2266 τε
462 2198 628 2285 μυριάδας
643 2201 698 2268 καὶ
719 2207 825 2267 είκοσι
840 2200 896 2267 καί
912 2197 999 2268 ὀκτά
1017 2201 1073 2268 καί

64 2296 213 2384 χιλιάδας
223 2308 311 2380 τρεῖς
323 2297 377 2364 καὶ
393 2297 614 2376 ἑκατοντάδας
628 2297 690 2366 δύο
703 2299 758 2365 καί
773 2295 916 2375 δεκάδας
930 2295 993 2365 δύο
1009 2292 1073 2362 άν-

65 2399 156 2477 δρῦν
169 2389 272 2478 ἤγαγε
287 2393 410 2479 Ξέρξης
423 2390 441 2462 ὁ
457 2400 607 2482 Δαρείου
622 2396 717 2482 μέχρι
729 2395 903 2481 Σηπιάδος
916 2395 973 2463 καί
984 2401 1072 2481 Θερ-

64 2493 251 2580 μοπυλέων.
274 2482 383 2570 Οῦτος
393 2491 455 2579 μέν
470 2491 510 2580 δὴ
526 2501 588 2562 τοῦ
598 2493 812 2571 συνάπαντος
826 2491 1072 2580 στρατεύματος
1089 2512 1140 2569 187

65 2594 126 2656 τοῦ
140 2589 268 2673 ,Ξέρξεω
282 2583 436 2674 άρνθμός.
459 2597 632 2676 γυναικιόν
647 2593 684 2658 δὲ
699 2593 896 2658 σιτοποιέων
915 2591 971 2656 καὶ
986 2595 1073 2655 παλ-

68 2689 195 2758 λακέων
212 2689 267 2754 καί
282 2683 456 2773 εὐνούχων
470 2684 581 2766 οὐδεὶς
595 2685 639 2756 άν
655 2695 742 2756 είποι
758 2683 897 2776 άτρεκέα
911 2682 1071 2772 άρνθμόν.

66 2782 140 2853 οὐδ’
153 2777 199 2852 αῦ
210 2781 401 2871 ὑποζυγίων
411 2812 447 2854 τε
458 2791 512 2855 καί
523 2793 591 2854 τῶν
601 2783 714 2854 άλλων
725 2785 875 2872 κτηνέων
884 2790 953 2853 τῦν
967 2780 1073 2868 ἄχθο-

65 2883 185 2970 φόρων
198 2885 254 2951 καὶ
270 2889 385 2951 κανοῦν
396 2879 544 2952 Ἰνδικῶν
556 2890 624 2950 τῶν
639 2886 829 2971 ἑπομένων,
847 2879 923 2950 οὐδ’
937 2875 981 2949 άν
991 2879 1073 2947 τού-

64 3006 133 3047 των
148 2978 214 3048 ῦπὸ
231 2981 379 3068 πλήθεος
397 2980 506 3060 οὐδεὶς
524 2977 567 3049 άν
583 2991 670 3050 είποι
685 2979 844 3068 ἀριθμόν.
869 2976 953 3048 άίστε
971 2975 1073 3047 οὐδέν

65 3103 123 3164 μοι
146 3075 247 3165 θάμά
274 3083 472 3166 παρίσταται
486 3082 673 3163 προδοῦναι
685 3075 728 3146 ’τά
744 3079 869 3166 ῥέεθρα
884 3082 953 3143 τοῦν
967 3099 1073 3143 ποτα-

66 3177 140 3257 μοῦν
160 3176 228 3239 ἐστι
247 3180 331 3259 τῶν,
360 3171 443 3244 άλλά
459 3182 589 3262 μᾶλλον
612 3173 700 3255 ὅκως
720 3171 761 3242 τά
784 3179 871 3242 σιτία
891 3168 1071 3260 άντέχρησε

66 3274 169 3352 θῦμα
206 3294 263 3353 μοι
276 3271 417 3357 μυριάσι
430 3272 621 3362 τοσαύτησι.
647 3270 791 3360 εὑρίσκω
801 3270 866 3359 γάρ
879 3272 1072 3362 συμβαλλό·

64 3391 182 3454 μενος,
208 3371 238 3433 εί
251 3373 381 3451 χοίνικα
395 3378 516 3459 πυράν
536 3375 673 3451 ἕκαστος
689 3377 747 3457 τῆς
761 3367 885 3459 ἡμέρης
905 3371 1075 3460 ἐλάμβανε
