2378 3840
155 157 215 222 168
534 161 785 218 HERODOTI

155 321 257 407 ὕδωρ,
276 321 408 406 Τραῦός
418 346 453 388 τε
466 323 520 388 καὶ
531 319 720 405 Κόμψατος.
740 316 823 386 κατά
835 317 1025 407 δέ”Αβδηρα
1036 325 1158 410 λίμνην

151 420 214 505 μὲν
231 414 392 506 οὐδεμίαν
409 421 533 486 έοῦσαν
550 414 764 504 οάνομαστήν
779 424 1008 504 παραμείψατο
1024 420 1157 507 Ξέρξης,

152 512 303 602 ποταμόν
317 517 354 584 δὲ
363 518 497 584 Νέστον
510 518 630 605 ῥέοντα
640 516 675 593 ές
687 516 874 584 θάλασσαν.
895 515 977 602 μετά
989 518 1025 584 δὲ
1035 517 1158 596 ταύτας

151 613 210 693 τάς
223 613 332 700 χώρας
343 611 405 681 ίών
415 609 475 691 τάς
487 608 707 699 ἠπειρώτιδας
717 612 813 691 πόλις
824 613 960 700 παρήιε,
970 620 1039 681 τῶν
1050 616 1086 682 έν
1098 621 1158 700 μιῇ

150 718 250 800 λίμνη
265 716 366 780 ἐοῦσα
386 711 542 799 τυγχάνει
559 707 637 779 ὡσεί
656 711 836 798 τριήκοντα
856 709 1001 779 σταδίων
1014 707 1158 797 μάλιστά
1186 777 1187 780 ,

150 835 193 898 κη
207 806 269 895 τήν
282 812 457 896 περίοδον,
473 807 643 894 ίχθνάδης
658 810 764 877 τεκαὶ
778 808 884 895 κάρτα
901 803 1043 896 ἁλμυρή.
1071 807 1158 876 ταῦ-

151 933 212 993 την
226 906 265 974 τά
281 904 446 993 ὑποζύγια
461 916 572 995 μοῦνα
583 905 753 994 ἀρδόμενα
764 906 956 996 ἀνεξήρηνε.
978 914 1019 998 τῇ
1029 907 1066 976 δὲ
1076 908 1157 976 πόλι

150 1005 254 1095 ταότη
272 1004 401 1094 οὔνομά
419 1008 488 1076 ἐστι
501 1001 676 1091 Πίστυρος.
706 1008 827 1087 ταύτας
843 1008 906 1095 μέν
926 1005 967 1094 δή
986 1005 1046 1087 τάς
1059 1009 1158 1087 πόλις

150 1102 209 1183 τάς
223 1111 499 1189 παραθαλασσίας
512 1131 548 1173 τε
564 1109 619 1174 καὶ
635 1105 825 1192 Ἑλληνίδας
845 1108 878 1186 ἐξ
895 1104 1073 1194 εὐωνύμου
1086 1133 1158 1194 χει-

85 1229 135 1280 110
149 1199 208 1286 ρός
219 1199 375 1289 ἀπέργων
384 1204 551 1291 παρεξήιε,
564 1208 666 1272 ἔθνεα
678 1203 715 1271 δέ
721 1209 887 1290 Θρηίκων,
899 1202 945 1272 δι’
959 1197 1008 1273 ὧν
1020 1212 1078 1292 τῆς
1088 1205 1156 1291 χά-

150 1323 211 1387 ρης
224 1295 308 1367 ὁδόν
321 1303 485 1390 ἐποιέετο,
506 1301 642 1388 τοσάδε,
658 1309 795 1389 Παῖτοι,
813 1308 971 1389 Κίκονες,
987 1308 1156 1388 Βίστονες,

148 1406 307 1486 Σαπαῖοι,
320 1407 493 1488 Δερσαλοι,
505 1397 657 1489 Ἠδωνοὶ,
669 1400 808 1488 Σάτραι.
831 1398 960 1469 τούτων
971 1405 1006 1469 ol
1015 1399 1078 1488 μὲν
1088 1425 1154 1468 τα-

149 1496 192 1583 ρὰ
206 1499 385 1567 θάλασσαν
399 1501 633 1585 κατοικημένοι
649 1501 687 1568 έν
700 1506 775 1588 τῇσι
790 1500 889 1586 νηνσλ
905 1501 1056 1584 εἵποντο,
1073 1504 1106 1566 οἱ
1118 1500 1156 1566 δὲ

149 1595 261 1665 αὐτῶν
280 1595 342 1683 τὴν
365 1596 549 1684 μεσόγαιαν
570 1599 734 1676 οἰκέοντες
752 1599 1009 1682 καταλεχθέντες
1034 1621 1069 1662 τε
1093 1591 1152 1661 ὑπ’

148 1697 245 1781 έμεῦ,
261 1692 349 1781 πλήν
363 1698 524 1781 Σατρέων
538 1698 572 1761 οί
586 1691 682 1762 ἄλλοι
698 1693 821 1772 πάντες
833 1698 913 1782 πεζῇ
927 1690 1154 1778 ἀναγκαζόμε-

83 1805 125 1860 111
148 1816 203 1858 νοι
218 1794 360 1861 εἵποντο.
384 1791 514 1879 Σάτραι
530 1791 567 1859 δὲ
580 1789 720 1870 οὐδενός
733 1817 781 1859 κω
795 1787 990 1877 ἀνθρώπων
1007 1788 1153 1878 ὑπήκοοι

148 1894 320 1975 ἐγένοντο,
343 1889 425 1958 ὅσον
441 1889 535 1978 ἡμεῖς
556 1894 668 1976 ίδμεν,
690 1887 774 1958 άλλά
793 1885 997 1955 διατελέουσι
1005 1886 1042 1956 τό
1059 1890 1152 1975 μέχρι

148 1991 227 2075 ἐμεῦ
243 1990 306 2056 αίεὶ
321 1985 433 2066 ἐόντες
445 1986 620 2074 έλεῦθεροι
634 1993 757 2073 μοῦνοι
767 1991 932 2072 Θρηίκων.
957 1989 1106 2054 οίκέονσί
1118 2011 1152 2051 τε

146 2084 212 2171 γάρ
227 2083 330 2173 οῦρεα
344 2084 475 2173 ὑψηλά,
491 2093 583 2176 ίδηοί
596 2113 632 2155 τε
646 2093 821 2174 παντοίῃσι
835 2089 890 2154 καὶ
903 2085 991 2172 χιόνι
1008 2105 1153 2172 συνηρε-

147 2187 230 2271 φέα,
245 2189 301 2253 καὶ
315 2188 377 2253 είσὶ
391 2182 431 2253 τά
443 2189 583 2271 πολέμια
597 2183 712 2272 ἄκροι,
728 2176 839 2269 οὗτοι,
856 2191 890 2250 οἳ
904 2190 964 2251 τοῦ
975 2185 1152 2252 Διονῦσον

144 2280 181 2350 τό
199 2281 363 2370 μαντήιόν
379 2289 442 2352 είσι
455 2281 657 2368 κεκτημένοι.
673 2279 711 2350 τό
733 2280 770 2350 δέ
789 2279 952 2368 μαντήιον
968 2287 1067 2348 τοῦτο
1084 2283 1152 2349 ἐστὶ

146 2383 207 2468 μὲν
224 2383 277 2450 ἐπὶ
298 2388 366 2448 τῶν
388 2379 517 2469 οὐρέων
537 2389 606 2449 τῶν
622 2379 859 2468 ὑψηλοτάτων,
880 2380 1005 2466 Βησσοὶ
1025 2378 1061 2446 δέ
1083 2384 1151 2444 τῶν

144 2482 305 2564 Σατρέων
322 2482 384 2547 είσὶ
400 2483 434 2547 οί
444 2478 714 2565 προφητεύοντες
726 2484 788 2546 τοῦ
802 2483 895 2565 ίροῦ,
916 2474 1099 2563 πρόμαντις
1115 2472 1152 2540 δὲ

144 2574 164 2663 ἡ
179 2578 322 2662 χρέονσα
344 2574 492 2663 κατάπερ
514 2578 552 2644 έν
568 2585 749 2663 Δελφοῖσι,
765 2578 821 2644 καί
835 2573 936 2643 οῦδὲν
953 2573 1150 2644 ποικιλώτε-

79 2690 126 2743 ιιν
142 2699 213 2759 ρον.
226 2675 577 2761 Παραμειψάμενοςδὲ
588 2670 808 2761 οΞέρξηςτην
820 2674 997 2759 εἰρημένην
1008 2672 1148 2756 δεότερα

121 2760 274 2840 τούτων
290 2779 511 2860 παραμείβετο
525 2778 632 2858 τείχεα
648 2798 689 2840 τα
677 2769 854 2861 Πιέρων,
870 2799 939 2840 των
952 2773 1001 2840 ἑνὶ
1012 2772 1148 2893 Φάγρης

142 2868 268 2940 έστί”
225 2896 355 2958 οννομα
370 2873 425 2940 και
440 2875 539 2963 ἑτέρω
549 2872 733 2958 Πέργαμος.
746 2873 850 2961 ταότη
865 2874 927 2958 μὲν
938 2867 978 2992 δή
991 2866 1072 2956 παρ’
1085 2866 1148 2935 αὐ-

141 2970 181 3040 τὰ
196 2998 236 3040 τα
224 2968 357 3058 τείχεα
372 2970 434 3058 τήν
449 2969 531 3040 ὁδόν
542 2974 698 3059 ἐποιέετο,
714 2974 751 3041 έκ
764 2976 872 3058 δεξιης
882 2970 992 3058 χειρός
1002 2997 1039 3039 το
1028 2968 1147 3057 Πάγ·
1185 2961 1188 2966 ’

141 3096 239 3154 γαιον
252 3062 355 3156 οὖρος
373 3067 545 3157 άπέργων,
567 3067 625 3138 έόν
645 3072 729 3156 μέγα
743 3097 779 3139 τε
794 3072 855 3139 ,καί
875 3068 1025 3157 ὑψηλόν,
1047 3072 1085 3138 έν
1101 3077 1146 3158 τῷ

139 3169 264 3254 χρύσεά
279 3193 314 3236 τε
331 3172 385 3237 καὶ
399 3166 547 3257 άργόρεα
562 3175 613 3238 ἔνι
626 3172 786 3258 μέταλλα,
800 3168 841 3239 τά
855 3172 1014 3258 νέμονται
1027 3170 1146 3256 Πίερές

77 3277 125 3331 113
139 3291 174 3334 τε
189 3268 244 3334 καὶ
254 3264 449 3353 Ὀδόμαντοι
460 3270 516 3336 καὶ
527 3267 670 3350 μάλιστα
680 3267 820 3355 Σάτραι,
836 3265 1094 3353 ὑπεροικέοντας
1110 3265 1145 3335 δέ

140 3357 176 3429 τό
193 3362 368 3449 Πάγγαιον
388 3360 472 3451 πρός
496 3363 604 3450 βορέω
626 3363 754 3451 άνέμον
770 3370 919 3444 Παίονας
934 3366 1095 3453 Δόβηράς
1111 3392 1144 3431 τε
