2378 3840
140 149 180 211 38
515 148 768 206 HERODOTI

139 312 345 397 Αἰγινητέων
366 309 496 392 ἐγένετο
518 308 550 385 ἐξ
572 305 672 393 ἀρχῆς
686 311 827 393 τοιῆσδε.
866 305 1143 395 Ἐπιδαυρίοισιὴ

138 415 181 497 γῆ
202 403 333 493 καρπδν
351 401 474 473 οὐδένα
491 401 657 472 ἀνεδίδου.
686 406 761 492 περὶ
781 405 903 491 ταύτης
919 399 968 474 οὐν
982 411 1042 493 τῆς
1059 426 1145 492 συμ-

140 512 247 591 φορῆς
261 509 295 573 οἱ
304 501 509 589 Ἐπιδαύριοι
525 505 674 589 ἐχρέοντο
690 505 728 571 έν
741 511 922 588 Δελφοῖσι·
944 500 965 591 ἡ
978 501 1014 570 δέ
1026 509 1143 588 Πυθίη

139 606 243 689 σφέας
257 604 389 670 ἐκέλευε
404 607 536 687 Δαμίης
552 628 587 668 τε
604 604 659 668 καὶ
671 599 841 688 Αὐξησίης
855 599 1029 688 ἀγάλματα
1046 601 1145 689 ἱδρύ-

139 714 265 772 σασθαι
296 708 354 769 καί
379 723 440 787 σφι
468 703 719 787 ἱδρυσαμένοισι
744 699 884 788 άμεινον
912 707 1142 769 συνοίσεσθαι.

140 799 338 884 ἐπειρώτεον
354 792 403 866 δυ
418 803 451 866 οί
460 796 680 886 Ἐπιδαύριοι,
698 799 818 885 κότερα
829 805 954 884 χαλκοῦ
965 801 1144 866 ποιέωνται

139 897 178 966 τά
196 892 405 984 άγάλματαῆ
421 903 538 964 λίθου·
561 896 581 982 η
598 897 633 963 δέ
644 903 760 983 Πυθίη
776 893 934 983 οὐδέτερα
948 895 1083 964 τούτων
1096 901 1142 980 ἐα,

139 995 223 1067 άλλά
247 997 350 1077 ξύλου
372 991 497 1082 ἡμέρης
519 996 637 1080 έλαίης.
671 997 804 1064 ἐδέοντο
823 985 872 1061 ὦν
887 998 921 1062 οἱ
936 991 1142 1080 Ἐπιδαύρια

135 1094 326 1181 Ἀθηναίων
348 1096 462 1178 ἐλαίην
488 1113 547 1177 σφι
576 1096 695 1160 δοῦναι
716 1094 897 1180 ταμέσθαι,
926 1091 1082 1178 ἱροτάτας
1103 1086 1139 1176 δὴ

139 1197 267 1271 ἐκείνας
285 1197 474 1277 νομίζοντες
489 1189 589 1256 εἶναι·
612 1194 741 1277 λέγεται
757 1193 862 1260 δὲκαὶ
879 1187 923 1269 ὡς
937 1193 1045 1258 ἐλαῖαι
1059 1182 1139 1275 ἦσαν

134 1290 261 1359 άλλοθι
275 1298 337 1377 γης
351 1285 503 1374 οὐδαμοῦ
513 1286 586 1357 κατ’
600 1287 801 1359 ἐκεῖνοντὸν
817 1289 941 1378 χρόνον
955 1285 978 1375 ἦ
993 1292 1031 1356 ἐν
1042 1285 1142 1374 Ἀθη-

138 1412 224 1477 νησι.
248 1394 282 1457 οἱ
295 1392 331 1456 δὲ
347 1390 400 1456 ἐπὶ
416 1392 541 1455 τοιοίδε
555 1389 677 1457 δύσειν
698 1395 844 1476 ἔφασαν,
867 1385 919 1456 ἐπ’
937 1379 963 1478 ᾧ
979 1383 1143 1466 άπάξουσι

139 1493 227 1565 ἔτεος
252 1487 395 1554 ἑκάστου
415 1493 455 1574 τῇ
478 1483 639 1575 Ἀθηναίη
660 1514 695 1555 τε
720 1495 760 1576 τῇ
770 1486 916 1554 Πολιάδι
940 1482 996 1570 ἱρά
1023 1487 1081 1553 καὶ
1100 1479 1142 1576 τῷ

134 1585 296 1672 Ἐρεχθέλ·
325 1587 578 1662 καταινέσαντες
601 1582 634 1652 δ’
651 1588 704 1652 ἐπὶ
724 1583 872 1653 τούτοισι
887 1588 921 1650 οἱ
937 1579 1141 1671 Ἐπιδαύριοι

136 1691 205 1751 τῶν
227 1710 261 1751 τε
283 1684 416 1751 ἐδέοντο
435 1689 568 1770 ἔτυχον,
591 1688 646 1753 καὶ
667 1683 839 1772 άγάλματα
860 1688 895 1754 ἐκ
916 1693 985 1752 τῶν
1004 1687 1141 1754 ἐλαιέων

137 1780 267 1848 τούτων
284 1781 503 1867 ποιησάμενοι
521 1783 718 1869 ἱδρύσαντο·
742 1785 797 1851 καὶ
810 1781 833 1870 ἥ
847 1809 882 1851 τε
895 1790 938 1870 γῆ
956 1805 1017 1870 σφι
1033 1789 1139 1873 ἐφερε,

88 1893 123 1947 83
140 1881 194 1947 καὶ
205 1871 411 1965 Ἀθηναίοισι
426 1883 597 1949 ἐπετέλεον
611 1879 653 1950 τά
668 1884 862 1950 συνέθεντο.
902 1889 1032 1950 Τοῦτον
1048 1881 1081 1950 δ’
1098 1889 1139 1953 ἔτι

137 1975 196 2046 τὸν
212 1977 337 2063 χρόνον
351 1982 407 2047 καὶ
421 1976 487 2062 πρδ
503 1987 564 2046 τοῦ
582 1986 757 2067 Αἰγινῆται
769 1978 989 2067 Ἐπιδαυρίων
1003 1979 1139 2070 ἤκουον,

136 2077 177 2144 τά
190 2102 226 2143 τε
241 2074 325 2145 άλλα
345 2080 401 2144 καί
422 2082 515 2156 δίκας
530 2083 758 2168 διαβαίνοντες
772 2082 805 2159 ἐς
816 2077 1016 2169 Ἐπίδαυρον
1033 2085 1139 2150 ἐδίδο·

137 2176 202 2244 σάν
215 2201 251 2242 τε
271 2179 325 2242 καὶ
347 2174 537 2262 ἐλάμβανον
559 2175 639 2262 παρ’
664 2175 817 2264 ἀλλήλων
833 2184 867 2246 οἱ
883 2185 1072 2267 Αἰγινῆται.
1104 2175 1135 2246 to*

137 2279 172 2344 δέ
193 2273 258 2342 άπδ
279 2281 379 2343 τούδε
399 2279 476 2356 νέας
497 2305 533 2344 τε
549 2280 732 2365 πηξάμενοι
749 2283 804 2347 καὶ
822 2277 1048 2370 άγνωμοσύνη
1062 2308 1136 2370 χρη·
1176 2356 1179 2363 ⁴

136 2375 275 2461 σύμεναι
290 2370 480 2460 ἀπέστησαν
494 2373 559 2443 άπό
574 2384 643 2444 τῶν
655 2374 884 2460 Ἐπιδαυρίων.
907 2374 964 2444 άτε
979 2379 1015 2446 δέ
1030 2381 1135 2457 ἐόντες
1177 2416 1179 2433 =

136 2473 312 2558 διάφοροι,
334 2475 507 2558 ἐδηλέοντο
523 2471 646 2553 αὐτούς
664 2472 748 2542 ὥστε
767 2471 806 2561 δη
827 2477 1134 2566 θαλασσοκράτορες

136 2571 262 2657 ἐόντες,
285 2573 340 2639 καὶ
361 2569 402 2658 δὴ
424 2575 479 2640 καὶ
501 2569 540 2639 τά
563 2571 736 2660 άγάλματα
756 2579 860 2641 ταῦτα
880 2579 937 2660 τῆς
956 2600 992 2641 τε
1009 2581 1133 2663 Δαμίης

134 2673 260 2755 καὶτῆς
275 2667 444 2755 Αὐξησίης
465 2669 681 2758 ὑπαιρέονται
698 2669 826 2758 αὐτῶν,
848 2680 907 2741 καί
924 2694 1011 2759 σφεα
1026 2675 1132 2762 ἐκόμι-

134 2770 199 2838 σάν
213 2795 248 2835 τε
263 2769 318 2836 καὶ
338 2768 518 2854 ἱδρύσαντο
539 2777 596 2856 τῆς
610 2772 771 2857 σφετέρης
784 2771 892 2858 χώρης
913 2773 945 2850 ἐς
961 2769 1024 2859 τὴν
1038 2769 1131 2860 μεσό-

134 2895 251 2955 γαιαν,
272 2872 312 2954 τῇ
327 2874 390 2952 Οίη
407 2869 470 2953 μέν
490 2871 558 2935 ἐστι
580 2867 726 2956 οὔνομα,
749 2868 866 2938 στάδια
881 2869 918 2936 δὲ
932 2869 1077 2956 μάλιστά
1095 2895 1130 2957 κη

133 2962 197 3033 άπό
219 2973 277 3052 της
302 2964 418 3044 πόλιος
443 2962 489 3043 ὡς
517 2975 621 3034 εἴκοσι
646 2964 767 3052 ἀπέχει.
801 2966 1020 3054 ἱδρυσάμενοι
1041 2970 1077 3036 δέ
1099 2967 1129 3034 ἐν

132 3063 240 3153 τούτῳ
251 3069 296 3154 τῷ
307 3063 404 3155 χωρφ
414 3071 559 3153 θυσίῃσί
566 3069 603 3133 τέ
612 3088 699 3153 σφεα
710 3068 764 3133 καὶ
773 3080 901 3152 χοροῖσι
911 3073 1129 3155 γυναικηίοισι

133 3161 322 3249 κερτόμοισι
346 3163 540 3250 ἱλάσκοντο,
567 3171 721 3252 χορηγῶν
742 3161 1040 3250 ἀποδεικνυμένων
1061 3165 1128 3233 ἑκα-

133 3263 212 3348 τέρη
233 3266 301 3326 τῶν
321 3261 494 3346 δαιμόνων
513 3264 594 3331 δέκα
613 3260 766 3348 ἀνδρῶν·
794 3267 904 3342 κακῶς
918 3262 954 3330 δὲ
968 3260 1127 3351 ἠγόρευον

134 3359 169 3422 οἱ
182 3356 272 3437 νοροὶ
289 3353 396 3442 ἄνδρα
408 3357 471 3445 μέν
485 3355 624 3448 οὐδένα,
646 3358 705 3438 τάς
722 3362 758 3427 δέ
772 3361 946 3448 ἐπιχωρίας
962 3375 1123 3445 γυναῖκας
