2378 3840
129 148 201 235 καθ’
321 153 324 156 ’
508 173 762 266 εειιοοοτι

62 344 112 402 227
130 328 252 416 μόνιον
268 333 426 401 λιπέσθαι
438 330 649 416 μνημόσυνα.
687 328 781 397 Μετὰ
796 333 831 401 δὲ
846 337 967 401 τοῦτον
982 331 1141 418 ἀριστεῦ-

130 446 185 495 σαι
197 429 351 512 λέγονται
362 427 623 513 Λακεδαιμόνιοι
636 428 699 494 δόο
706 425 877 514 ἀδελφεοί,
887 426 1024 515 Ἀλφεός
1036 455 1072 498 τε
1084 429 1142 496 καί

131 525 265 612 Μάρων
275 522 500 612 Ὀρσιφάντου
512 529 644 602 uatem
655 527 828 595 Θεσπιέων
839 524 875 594 δέ
888 523 1061 613 εὐδοκίμεε
1072 527 1142 610 μά-

63 639 115 695 228
130 634 226 694 λιστα
240 621 431 715 τῷιοόνομα
442 617 487 710 ἦν
497 623 722 710 Διθύραμβος
730 622 942 709 Ἁρματίδεω.
967 632 1141 710 (θαφθεῖσι

131 726 170 793 δέ
182 743 244 810 σφι
258 721 363 792 αὐτοῦ
379 723 501 812 ταύτῃ,
523 730 628 812 τῇπερ
650 727 788 808 έπεοον,
805 726 860 795 καί
870 739 956 795 τοῖσι
971 725 1141 813 πρότερον

130 823 344 911 τελευτήσασι
357 818 379 910 ἢ
395 820 462 893 ὑπό
477 828 653 893 Λεωνίδεω
669 820 952 911 ἀποπεμφθέντας
974 833 1140 912 οἴχεσθαι,

131 925 367 1009 ἐπιγέγραπται
383 921 560 1009 γράμματα
570 925 711 1007 λέγοντα
724 925 819 991 τάδε·

174 1018 350 1103 Μνριάσιν
367 1021 446 1087 ποτε
460 1022 537 1108 τῇδε
551 1026 755 1107 τριηκοσίαις
770 1019 929 1108 ἐμάχοντο

210 1114 264 1185 Ἐκ
277 1116 543 1190 Πελοποννάσου
557 1117 702 1202 χιλιάδες
716 1118 854 1205 τέτορες.

134 1223 245 1285 Ταῦτα
260 1217 322 1302 μέν
343 1213 383 1302 δὴ
399 1230 484 1285 τοῖσι
499 1222 580 1283 πᾶσι
594 1217 846 1303 ἐπιγέγραπται,
867 1231 952 1287 τοῖσι
964 1216 1002 1285 δέ
1017 1226 1138 1300 Σπαρ-

129 1313 257 1402 τιήτῃσι
273 1318 355 1403 ἰδίη

168 1406 208 1480 Ὦ
225 1409 323 1496 ξεῖν’,
340 1407 514 1497 ἀγγέλλειν
530 1415 820 1496 Λακεδαιμονίοις,
839 1409 890 1481 ὅτι
905 1416 982 1500 τῇδε

214 1516 364 1595 Κείμεθα
379 1521 446 1585 τοις
463 1514 585 1576 κείνων
598 1506 725 1595 ῥήμασι
742 1505 949 1594 πειθόμενοι.

129 1611 421 1692 Λακεδαιμονίοισι
437 1602 554 1692 μὲνδὴ
570 1610 686 1690 τοῦτο,
701 1611 746 1695 τῷ
762 1606 799 1672 δέ
814 1604 913 1690 μάντι
929 1606 1021 1674 τόδε·

174 1710 302 1790 Μνῆμα
316 1703 392 1775 τόδε
407 1705 549 1775 κλειτοῖο
565 1708 748 1787 Μεγιστία,
763 1699 805 1769 όν
819 1727 899 1773 ποτε
912 1707 1028 1790 Μῆδοι

215 1798 401 1889 Σπερχειόν
416 1798 568 1888 ποταμόν
582 1813 716 1869 κτεῖναν
729 1795 962 1888 ἀμειψάμενοι,

109 1956 116 1967 .
173 1901 342 1986 Μάντιος,
358 1896 394 1979 ὃς
410 1899 482 1970 τότε
497 1907 612 1987 Κῆρας
626 1900 845 1984 ἐπερχομένας
859 1898 952 1986 σάφα
966 1895 1062 1979 είδιδς

216 1998 288 2068 Οάκ
306 2005 382 2086 έτλη
395 1998 555 2086 Σπάρτης
569 1996 735 2086 ἡγεμόνας
751 2007 934 2086 προλιπεῖν.

125 2097 368 2184 Ἐπιγράμμασι
378 2100 440 2183 μέν
452 2123 517 2164 ννν
528 2100 583 2166 καί
595 2097 748 2186 στήλησι,
763 2099 824 2178 έξω
836 2093 858 2184 ἢ
871 2096 908 2165 τό
921 2103 981 2167 τοῦ
997 2097 1138 2183 μάντιος

131 2197 337 2282 ἐπίγραμμα,
351 2192 591 2282 Ἀμφικτόονές
606 2200 669 2263 είσί
679 2212 783 2280 σφεας
794 2198 828 2262 οί
843 2191 1136 2281 ἐπικοσμήσαντες,

130 2292 167 2362 τδ
184 2294 220 2362 δέ
239 2301 300 2362 τοῦ
315 2292 453 2380 μάντιος
470 2302 659 2382 Μεγιστίεω
676 2298 867 2381 Σιμωνίδης
881 2291 900 2364 ὁ
915 2296 1137 2383 Λεωπρέπεός

131 2397 198 2460 ἐστι
214 2386 296 2458 κατά
310 2393 437 2477 ,ξεινίην
451 2388 470 2460 δ
485 2390 679 2478 ἐπιγράψας.

62 2506 114 2562 ²29
217 2487 293 2557 Λάο
307 2490 344 2556 δὲ
356 2489 486 2559 τούτων
497 2496 565 2556 τῶν
578 2496 778 2576 τριηκοσίων
793 2490 921 2574 λέγεται
932 2485 1089 2573 Εὔρυτόν
1101 2516 1136 2556 τε

130 2589 185 2656 καὶ
204 2583 458 2673 Ἀριστόδημον,
486 2583 614 2670 παρεόν
635 2582 764 2656 αάτοῑσι
790 2584 1009 2674 ἀμφοτέροισι
1029 2590 1135 2674 κοινῷ

129 2683 218 2774 λόγῳ
233 2685 468 2768 χρησαμένοισι
481 2678 503 2768 ἢ
519 2680 740 2768 ἀποσωθῆναι
754 2680 840 2769 ὁμοῦ
855 2685 888 2763 ές
898 2684 1072 2771 Σπάρτην,
1090 2681 1135 2760 ὡς

128 2779 338 2867 μεμετιμένοι
352 2806 386 2849 τε
400 2773 487 2865 ἦσαν
501 2783 538 2849 έκ
555 2786 616 2850 τοῦ
631 2782 858 2866 στρατοπέδου
873 2777 939 2849 ὑπό
955 2785 1133 2850 Λεωνίδεω

127 2881 183 2947 καὶ
194 2882 368 2947 κατεκέατο
378 2873 884 2968 ένἈλπηνοίσιόφθαλμιεῦντες
893 2878 924 2955 ές
934 2875 971 2944 τό
983 2883 1134 2963 ἔσχατον,

127 2969 149 3059 ἦ
167 2984 201 3043 εί
210 3001 248 3061 γε
262 2971 306 3061 μὴ
319 2975 498 3061 ἐβούλοντο
509 2980 679 3061 νοστῆσαι,
695 2971 883 3045 ἀποθανεῖν
898 2973 966 3060 άμοι
977 2987 1061 3042 τοῖσι
1073 2973 1135 3043 ἀλ-

127 3082 231 3161 λοισι,
246 3074 373 3160 παρεόν
384 3094 444 3162 σφι
458 3075 589 3143 τούτων
601 3073 642 3142 τά
654 3076 750 3163 ἕτερα
761 3077 888 3144 ποιέειν
901 3068 963 3141 οάκ
976 3074 1135 3159 ἐθελῆσαι

128 3167 367 3257 ὁμοφρονέειν,
389 3168 473 3241 ἀλλά
494 3172 613 3261 γνάμη
633 3175 878 3259 διενειχθέντας
896 3169 1054 3258 Εὔρυτον
1071 3175 1135 3257 μὲν

127 3269 326 3356 πυθόμενον
339 3269 402 3358 τὴν
415 3279 483 3340 τῶν
493 3272 653 3359 Περσέων
664 3276 839 3358 περίοδον,
855 3269 1037 3359 αἰτήσαντά
1046 3295 1081 3338 τε
1091 3265 1133 3338 τά

127 3363 213 3436 ὅπλα
228 3370 282 3435 καλ
297 3367 456 3457 ἐνδόντα,
477 3369 572 3458 άγειν
587 3365 692 3438 αὐτόν
713 3375 868 3438 κελεῦσαι
883 3366 944 3437 τόν
966 3372 1084 3436 εἵλωτα
1100 3368 1134 3446 ές
