2378 3840
297 215 383 272 mn.
416 216 487 271 VIII.
522 213 621 272 CAP.
656 220 829 277 113-117.
1003 214 1065 278 27³

60 369 144 440 ὅκου
159 371 195 440 δέ
209 371 433 459 πορευόμενοι
443 377 592 458 γινοίατο
603 372 659 439 καί
669 370 744 439 κατ’
759 373 916 456 οὕστινας
927 372 1067 463 ἀνθρύ-

59 493 160 555 πους,
179 467 240 538 τόν
259 471 390 539 τούτων
405 465 536 557 καρπόν
557 466 759 556 ἁρπάζοντες
780 475 961 560 ἐσιτέοντο,
985 479 1015 542 εί
1030 475 1066 542 δὲ

59 568 190 656 καρπόν
203 573 330 658 μηδένα
346 569 496 658 εύροιευ,
518 574 553 637 οί
565 572 601 637 δὲ
614 565 676 655 τήν
693 576 794 657 ποίην
807 567 869 659 τήν
883 575 920 640 έκ
935 578 993 658 τής
1006 577 1066 658 γής

59 669 302 758 ἀναφυομένην
315 672 452 739 καὶτῶν
468 673 636 757 δενδρέων
654 667 714 739 τόν
729 669 852 757 φλοιόν
866 677 1066 761 περιλέπον-

57 798 111 851 τες
122 775 177 840 καὶ
192 769 231 838 τά
244 772 357 857 φύλλα
371 773 634 858 καταδρέποντες
645 771 848 859 κατήσθιον,
864 770 987 859 ὁμοίως
997 780 1065 840 τῶν

57 896 93 938 τε
108 866 241 958 ἡμέρων
256 871 392 937 καὶτῶν
407 867 544 958 ἀγρίων,
562 873 617 938 καλ
629 875 763 939 ἔλειπον
773 869 891 940 ούδέν·
911 880 1015 941 ταῦτα
1031 871 1065 940 δ’

59 971 194 1037 ἐποίευν
209 965 275 1035 ὑπὸ
291 976 401 1056 λιμοῦ.
431 965 600 1056 ἐπιλαβόν
615 970 652 1036 δὲ
664 968 781 1054 λοιμός
795 995 831 1036 τε
844 966 905 1038 τόν
921 967 1065 1058 στρατὸν

58 1069 114 1135 καὶ
125 1070 319 1155 δυσεντερίη
330 1064 404 1135 κατ’
418 1064 500 1135 ὁδὸν
512 1070 695 1154 διέφθειρε.
704 1054 786 1143 τούς
794 1059 1064 1135 δέκαλνονσέον-

58 1191 116 1242 τας
136 1161 248 1231 αύτολν
266 1168 437 1252 κατέλιπε,
461 1165 649 1233 ἐπιτάσσων
665 1171 741 1254 τήσι
757 1165 887 1252 πόλισι,
911 1169 968 1234 ἵνα
985 1165 1065 1234 έκά·

58 1280 152 1328 στοτε
165 1267 291 1348 γίνοιτο
306 1264 475 1350 ἐλαύνων,
497 1268 706 1351 μελεδαίνειν
721 1289 757 1331 τε
777 1268 832 1332 καλ
852 1269 1005 1353 τρέφειν,
1026 1267 1064 1334 έν

58 1367 224 1450 Θεσσαλίη
239 1364 276 1430 τέ
287 1388 379 1442 τινας
393 1365 448 1431 καί
464 1367 501 1431 έν
515 1369 596 1447 Σίρι
616 1369 673 1449 τής
686 1368 850 1450 Παιονίης
863 1365 918 1431 καλ
932 1366 970 1431 έν
984 1370 1065 1430 Ma·

56 1462 200 1548 κεδονίη.
218 1466 305 1529 ἔνθα
317 1463 373 1529 καὶ
384 1459 422 1528 τό
435 1458 512 1548 ίρόν
523 1458 613 1547 ἀρμα
624 1457 816 1528 καταλιπόν
826 1466 887 1527 τοῦ
898 1464 994 1546 Διός,
1010 1457 1066 1527 ὅτε

56 1558 110 1626 έπὶ
124 1556 185 1645 τήν
193 1557 335 1628 Ἐλλάδα
348 1558 493 1647 ήλαουε,
508 1555 620 1627 ἀπιόν
632 1555 694 1626 ούκ
711 1554 873 1644 ἀπέλαβε,
888 1554 972 1625 ἀλλά
984 1557 1066 1625 δόν-

56 1680 109 1732 τες
124 1660 158 1723 οί
171 1662 316 1735 Παίονες
330 1671 416 1726 τοῖσι
431 1659 549 1744 Θρήίξι
565 1655 780 1735 ἀπαιτέοντος
790 1656 919 1739 Ξέρξεω
936 1663 1066 1743 ἔφασαν

57 1755 243 1839 νεμομένας
254 1752 473 1843 ἁρπασθῆναι
488 1753 554 1822 ὑπὸ
570 1762 639 1822 τῶν
653 1752 725 1822 ἀνω
736 1760 893 1840 Θρηίκων
907 1762 976 1822 τόν
989 1755 1068 1841 περὶ

57 1848 116 1928 τάς
132 1849 240 1938 πηγάς
255 1861 316 1921 τού
333 1855 532 1943 Στρυμόνος
546 1856 742 1941 οἰκημένων.
765 1851 875 1922 Ἔνθα
892 1857 947 1923 καὶ
962 1852 980 1922 ὁ
997 1861 1065 1922 τῶν
1077 1864 1126 1919 116

56 1953 247 2020 Βισαλτέων
262 1949 418 2037 βασιλεύς
431 1960 493 2040 γής
508 1978 544 2020 τε
558 1957 615 2038 τής
629 1958 869 2039 Κρηστωνικῆς
880 1954 993 2038 Θρήιξ,
1008 1956 1065 2034 έρ-

56 2074 119 2134 γον
140 2043 311 2135 ὑπερφυὲς
328 2051 499 2137 ἐργάσατο.
534 2049 572 2128 ὃς
593 2046 671 2118 ούτε
692 2045 793 2127 αύτδς
810 2054 875 2135 ἔφη
896 2057 941 2141 τῷ
958 2052 1063 2138 Ξέρξη

57 2143 144 2215 έκάν
162 2145 247 2215 εἶναι
261 2149 475 2235 δουλεύσειν,
492 2145 567 2218 ἀλλ’
583 2157 690 2235 οίχετο
701 2145 773 2215 ἀνω
785 2149 818 2226 ές
832 2146 870 2217 τό
886 2143 988 2237 οὖρος
1002 2148 1065 2235 τήν

50 2242 228 2333 Ῥοδόπην,
243 2253 332 2316 τοῖσί
342 2273 378 2315 τε
392 2250 486 2316 παισί
497 2244 687 2334 ἀπηγόρευε
700 2243 745 2333 μή
758 2245 999 2333 στρατεύεσθαι
1011 2249 1064 2314 έπὶ

55 2342 118 2432 τήν
125 2342 275 2412 Ἑλλάδα.
299 2349 333 2413 οί
347 2345 383 2412 δέ
394 2342 629 2433 ἀλογήσαντες,
643 2339 785 2431 ήάλλως
796 2364 857 2431 σφι
867 2342 979 2432 θνμδς
990 2345 1063 2430 ἐγέ-

56 2469 132 2510 νετο
143 2443 340 2528 θηήσασθαι
350 2441 410 2510 τὸν
421 2443 580 2530 πόλεμον,
593 2443 830 2527 ἐστρατεύοντο
842 2442 911 2528 ἅμα
920 2452 966 2534 τῷ
972 2448 1062 2528 Πέρ-

57 2563 108 2629 ση.
138 2542 208 2607 έπελ
223 2543 259 2606 δέ
275 2537 491 2626 ἀνεχώρησαν
509 2538 638 2619 ἀσινέες
652 2540 775 2619 πάντες
790 2543 823 2619 ἓξ
838 2538 965 2627 έόυτες,
981 2541 1063 2620 έξοό-

58 2640 136 2721 ρνξε
148 2632 261 2704 αὐτῶν
271 2633 289 2705 ὁ
301 2634 410 2726 πατήρ
418 2635 499 2717 τούς
510 2633 709 2724 ὀφθαλμούς
720 2634 776 2704 διά
787 2633 850 2723 τήν
860 2641 969 2724 αίτίην
979 2637 1063 2705 ταύ-

58 2762 127 2821 την.
162 2737 228 2802 Καί
249 2727 343 2803 οὗτοι
363 2735 426 2823 μέν
445 2743 567 2805 τούτου
581 2734 642 2804 τὸν
662 2731 789 2822 μισθόν
810 2740 948 2822 ἔλαβον,
974 2740 1008 2803 οί
1027 2737 1063 2803 δὲ
1075 2741 1125 2795 117

55 2837 184 2921 Πέρσαι
200 2831 245 2912 ὡς
256 2836 292 2901 ἐκ
305 2841 364 2920 τῆς
375 2840 521 2922 Θρηίκης
532 2834 754 2923 πορευόμενοι
766 2829 926 2901 ἀπίκοντο
938 2834 992 2900 έπλ
1002 2829 1063 2900 τόν

56 2935 181 3023 πόρον,
199 2933 409 3021 ἐπειγόμενοι
422 2931 483 3002 τόν
492 2932 737 3020 Ἑλλήσποντον
749 2939 824 3022 τήσι
837 2935 937 3018 νηνσλ
949 2936 1063 3020 διέβη·-

57 3053 121 3100 σαν
135 3035 168 3112 ές
178 3030 342 3120 Ἄβυδον·
369 3031 430 3112 τάς
444 3029 508 3119 γάρ
524 3037 653 3118 σχεδίας
668 3030 731 3099 ούκ
746 3021 850 3113 εύρου
867 3033 915 3096 έτι
930 3032 1043 3098 έντετα

56 3129 175 3215 μένας,
202 3126 274 3197 ἀλλ’
297 3127 365 3197 ὑπὸ
389 3136 551 3216 χειμῶνος
571 3133 816 3217 διαλελυμένας.
851 3130 1000 3196 ἐνθαῦτα
1024 3130 1061 3195 δὲ

56 3226 270 3314 κατεχόμενοι
286 3235 373 3298 σιτία
392 3256 428 3297 τε
448 3230 537 3298 πλέω
553 3225 575 3315 ή
589 3225 664 3298 κατ’
680 3225 763 3296 ὁδόν
778 3226 978 3313 έλάγχαυον,
1001 3223 1062 3294 ού·

57 3332 138 3397 δένα
151 3354 187 3396 τε
202 3327 329 3415 κόσμον
350 3329 593 3417 ἐμπιπλάμενοι
609 3331 665 3397 καὶ
680 3325 788 3395 ἀδατα
801 3325 1063 3413 μεταβάλλοντες

57 3426 281 3577 ἀπέθνησκοφΙ
291 3433 353 3494 τοῦ
374 3434 518 3517 στρατοῦ
532 3433 594 3495 τού
611 3423 808 3508 περιεόντος
821 3429 959 3568 mk&
984 3427 1022 3484 ολ
1033 3422 1078 3482 ἓξ

134 3537 234 3577 mov.
280 3561 287 3576 ι
