2378 3840
338 178 422 233 ΗΒ.
457 177 524 236 νιῑλ
561 175 658 232 GAP.
687 182 821 236 σιν-οι.
1019 173 1079 236 247

76 343 186 424 λέγων
200 340 294 404 τάδε·
312 333 365 402 Ἐν
377 337 429 401 σοὶ
444 341 510 400 νῦν
521 335 588 400 ἐστὶ
598 340 704 400 σῶσαι
719 333 779 416 τήν
791 333 942 418 Ἑλλάδα,
956 331 1000 420 ήν
1010 339 1082 421 ἐμοί
1096 357 1118 395 α

76 447 179 525 πείθῃ
190 440 377 519 ναυμαχίην
388 429 494 499 αὐτοῦ
505 435 616 515 μένων
627 433 813 517 ποιέεσθαι,
824 437 906 517 μηδὲ
918 429 1080 517 πευθόμε-

76 563 135 615 νος
155 536 287 601 τούτων
307 546 393 598 τοῖσι
412 526 538 610 λόγοισι
563 526 742 616 ἀναζεύξῃς
762 527 847 613 πρὸς
867 527 928 596 τὸν
944 527 1080 615 Ἰσθμὸν

76 633 134 710 τάς
148 636 234 708 νέας.
265 628 400 704 ἀντίθες
414 624 479 711 γάρ
502 626 659 711 ἑκάτερον
675 623 831 704 άκούσας.
859 625 943 710 πρὸς
957 628 1020 712 μὲν
1034 637 1079 717 τῷ

71 730 193 816 Ἰσθμῷ
212 725 413 812 συμβάλλων
428 727 465 791 ἐν
479 723 617 807 πελάγει·
629 721 891 814 ἀναπεπταμένῳ
906 724 1078 810 ναυμαχή-

75 849 160 910 σεις,
189 824 227 893 τδ
250 823 365 912 ἥκιστα
389 820 470 908 ήμίν
491 821 670 907 σύμφορόν
681 825 748 887 ἐστι
761 826 838 899 νίας
849 828 960 906 ἔχουσι
971 831 1078 908 βαρυ-

75 933 171 1008 τέρας
185 923 241 989 καί
255 916 406 1005 άριθμόν
420 920 618 997 ἐλάσσονας,
633 926 732 984 τοῦτο
748 919 784 986 δὲ
798 917 949 997 ἀπολέεις
964 928 1078 986 Σαλα-

74 1019 155 1102 μῑνά
176 1044 212 1084 τε
232 1018 287 1083 καί
302 1018 445 1101 Μέγαρα
462 1015 579 1082 καλΑί
533 1025 695 1099 Αίγιναν,
724 1012 830 1101 ἥνπερ
856 1017 913 1081 καὶ
938 1018 978 1083 τά
994 1017 1077 1084 άλλα

75 1115 318 1200 εὐτυχήσωμεν.
342 1110 410 1197 ἅμα
430 1112 543 1204 γάρ
510 1122 556 1181 τῶ
571 1123 717 1205 ναυτικαί
735 1113 848 1183 αὐτῶν
862 1120 976 1197 ἕψεται
990 1114 1075 1184 καὶὸ

73 1211 169 1294 πεζὸς
184 1211 331 1297 στρατός.
354 1210 468 1280 καί”
424 1238 513 1279 ουτω
528 1215 632 1298 σφέας
646 1210 747 1291 αὐτὸς
763 1212 850 1292 ἄξεις
862 1213 968 1282 ἐπί
933 1241 995 1335 τήν
1009 1223 1078 1281 Πε-

72 1311 302 1397 λοποννήσου,
317 1313 549 1390 κινδυνεύσεις
563 1337 598 1378 τε
612 1309 725 1399 ἁπάσῃ
738 1339 778 1399 τῃ
765 1309 927 1381 Ἑλλάδι.
954 1311 1018 1382 Ἢν
1037 1316 1073 1382 δὲ
1087 1318 1107 1398 β

72 1408 111 1476 τά
130 1408 195 1495 ε’γτδ
211 1413 296 1494 λέγω
316 1411 473 1497 ποιήσῃς,
495 1410 615 1478 τοσάδε
630 1412 667 1477 ἐν
684 1407 813 1478 αὐτοῖσι
827 1410 951 1498 χρηστά
973 1410 1075 1497 εὑρή-

71 1530 156 1585 σεις·
178 1515 293 1591 πρῶτα
307 1508 370 1594 μὲν
381 1511 418 1575 ἐν
433 1514 552 1599 στεινῷ
566 1506 816 1595 συμβάλλοντες
829 1512 928 1594 νηυσί
946 1506 1075 1596 ὀλίγῃσι

70 1606 155 1691 πρὸς
166 1608 302 1691 πολλάς,
316 1602 360 1694 ήν
370 1605 411 1674 τά
423 1604 537 1675 οἰκότα
548 1607 585 1674 ἐκ
594 1613 656 1674 τοῦ
666 1611 815 1691 πολέμου
829 1607 976 1694 ἐκβαίνῃ,
992 1615 1075 1674 πολ-

71 1703 133 1770 λὸν
148 1704 375 1790 κρατήσομεν,
392 1744 428 1755 -
451 1701 488 1770 τὸ
506 1703 623 1789 γὰρέν
641 1711 759 1794 στεινςό
775 1707 974 1790 ναυμαχέειν
987 1701 1074 1790 ’πρὸς

72 1805 183 1889 ήμίων
198 1807 282 1887 ε’στλ,
296 1807 334 1870 ἐν
351 1799 538 1890 εὐρυχωρίῃ
553 1804 589 1870 δὲ
604 1800 687 1885 πρὸς
704 1804 860 1886 ἐκείνων,
875 1842 917 1853 —-
932 1796 1026 1880 αὖτις
1038 1803 1074 1868 δὲ

71 1907 220 1988 Σαλαμίς
231 1909 445 1989 περιγίνεται,
453 1902 487 1979 ἐς
496 1898 559 1984 τήν
568 1898 648 1986 ἡμῖν
658 1896 852 1967 ὑπεκκίεται
862 1903 962 1967 τέκνα
973 1924 1009 1966 τε
1019 1901 1074 1965 καί
1141 1911 1163 1918 “’

70 2014 234 2084 γυναῖκες.
264 2001 319 2066 καὶ
335 1995 403 2084 μήν
418 2000 474 2065 καί
489 1998 567 2064 τόδε
587 1998 625 2064 ἐν
645 1993 775 2064 αὐτοῖσι
792 2002 916 2082 ἔνεστι,
939 2004 1001 2063 τοῦ
1018 1999 1073 2062 καὶ

69 2100 262 2183 περιεχεσθε
275 2096 432 2181 μάλιστα
454 2101 577 2181 ομοιως
588 2121 695 2163 αυτου
705 2122 740 2163 τε
751 2099 863 2181 μένων
873 2119 1070 2180 προναυμα

69 2196 178 2281 χήσεις
191 2194 456 2280 Πελοποννήσου
473 2194 528 2261 καὶ
542 2190 672 2359 πρὸς
640 2200 686 2261 τω
705 2190 842 2281 Ἰσθμῷ,
859 2188 940 2259 οὐδέ
954 2211 1068 2276 σφεας,

69 2304 173 2375 είπερ
190 2317 228 2356 ευ
216 2285 418 2376 φρονέεις,
434 2290 554 2371 άξεις’
536 2294 590 2359 επὶ
600 2288 662 2376 τήν
670 2289 943 2372 Πελοπόννησον.
958 2283 1023 2356 Ἠν
1036 2287 1105 2366 δίγ

70 2415 108 2503 γε
120 2391 174 2453 καί
189 2414 229 2453 τα
217 2385 309 2472 ἐγά
325 2391 442 2468 ἐλπίζω
455 2393 591 2474 γένηται
605 2389 660 2455 καί
670 2388 861 2474 νικήσωμεν
874 2393 949 2474 τήσι
959 2401 1069 2471 νηυσί,

72 2483 146 2550 οὔτε
160 2481 242 2567 ὑμῖν
259 2483 343 2562 ἐς
309 2510 370 2550 τον
386 2482 523 2568 Ἰσθμὸν
541 2485 743 2569 παρέσονται
761 2489 795 2553 οί
812 2484 978 2570 βάρβαροι
993 2488 1070 2550 οὕτε

67 2581 295 2666 προβήσονται
317 2581 483 2664 ἑκαστέρω
499 2588 557 2664 τής
578 2576 737 2664 Ἀττικής,
764 2577 882 2647 άπίασί
901 2605 936 2646 τε
957 2575 1070 2645 οὐδενί

67 2683 191 2770 κόσμῳ,
204 2679 397 2763 Μεγάροισί
409 2705 443 2747 τε
462 2680 687 2766 κερδανέομεν
696 2685 868 2766 περιεοῦσι
882 2681 937 2745 καὶ
948 2684 1070 2764 Αίγίνῃ

66 2784 121 2848 καὶ
136 2787 322 2862 Σαλαμῖνι,
346 2780 383 2845 ἐν
402 2786 441 2864 τῇ
457 2775 539 2864 ἡμῖν
552 2780 608 2844 καί
627 2775 744 2863 λόγιόν
764 2779 834 2845 ἐστι
847 2782 916 2843 τῶν
936 2779 1069 2861 ἐχθρῶν

66 2880 257 2960 κατύπερθε
267 2878 436 2964 γενέσθαι.
450 2877 563 2945 οίκότα
575 2875 638 2963 μὲν
648 2901 715 2943 νυν
724 2874 1000 2963 βουλευομένοισι
1011 2873 1067 2945 άν·

64 2980 235 3062 θράτοισι
256 2973 300 3054 ιδς
320 2974 357 3043 τὸ
375 2979 498 3043 ἐπίπαν
514 2975 626 3044 ἐθέλει
642 2982 814 3060 γίνεσθαι,
837 2972 882 3060 μὴ
900 2974 937 3042 δέ
953 2971 1067 3044 οίκότα

66 3073 341 3159 βουλευομένοισι
367 3068 430 3139 οὐκ
457 3072 566 3141 ἐθέλει
594 3069 713 3141 οὐδὲὸ
739 3071 822 3151 θεὸς
841 3075 1067 3161 προσχωρέειν

64 3169 148 3255 πρὸς
163 3168 222 3247 τάς
238 3168 457 3257 ἀνθρωπηίας
471 3171 615 3256 γνώμας.
659 3177 771 3240 Ταῦτα
789 3172 947 3258 λέγοντος
961 3182 1064 3259 Θεμι-
1080 3191 1109 3246 6]

66 3268 221 3345 ιτοκλὲος
234 3261 329 3348 αὖτις
346 3268 364 3338 ὁ
383 3277 568 3357 Κορίνθιος
579 3266 789 3356 Ἀδείμαντος
799 3272 996 3359 ἐπεφέρετο,
1011 3294 1065 3342 σι-

63 3375 127 3453 γᾶν
141 3393 177 3433 τε
191 3367 401 3461 κελεύωντῷ
416 3368 461 3455 μή
476 3372 543 3436 ἐστι
559 3372 691 3454 πατρίς,
708 3371 763 3436 καὶ
773 3365 1065 3458 Εὐρυβιάδῃνούκ
