2378 3840
326 192 410 246 ΗΒ.
441 190 489 244 Vl.
523 186 622 244 CA'P.
654 194 796 247 81-85.
1024 187 1066 248 95

52 353 195 439 Ἀργεῖοι
205 353 268 436 μέν
276 374 342 416 νυν
353 344 409 414 διά
417 352 520 413 ταῦτα
528 345 717 431 Κλεομένεά
730 365 813 431 φασι
823 352 968 432 μανέντα
979 346 1065 417 άπο-
1078 367 1111 420 84

57 454 176 521 λέσθαι
191 455 318 533 κακῶς,
340 442 436 514 αὐτοὶ
451 446 486 513 δὲ
502 451 713 530 Σπαρτιήταί
728 466 810 529 φασι
832 449 867 514 ἐκ
888 451 1064 534 δαιμονίου

54 551 119 636 μὲν
133 543 274 624 ούδενὸς
286 551 434 632 μανῆναι
446 547 646 630 Κλεομένεα,
657 543 816 631 Σκύθῃσι
829 546 865 613 δέ
879 542 1062 633 ὁμιλήσαν-

55 646 96 714 τά
112 671 172 731 μιν
192 640 423 729 ἀκρητοπότην
445 644 605 728 γενέσθαι
627 643 683 708 καὶ
704 642 741 708 έκ
762 642 884 711 τούτου
904 653 1058 731 μανῆναι.

55 744 200 820 Σκύθας
211 738 276 828 γάρ
286 737 366 819 τούς
379 740 538 826 νομάδας,
559 739 665 808 έπείτε
681 758 741 824 σφι
751 750 898 828 Δαρεῖον
910 747 1062 829 ε’σβαλείν

54 844 89 922 ές
103 839 167 928 τήν
182 838 311 926 χάρην,
327 835 409 924 μετά
419 844 524 905 ταῦτα
534 839 714 924 μεμονέναι
725 865 784 923 μιν
795 846 962 928 τίσασθαι,
977 845 1061 927 πέμ-

57 957 184 1023 ψαντας
195 939 231 1006 δὲ
243 940 276 1017 ἐς
285 939 448 1024 Σπάρτην
463 944 651 1025 συμμαχίην
661 963 696 1005 τε
712 939 896 1025 ποιέεσθαι,
911 945 965 1009 καὶ
980 963 1064 1010 σνν-

56 1047 233 1122 τίθεσθαι,
250 1033 295 1116 ὡς
307 1033 415 1124 χρεων
431 1045 481 1120 είη
499 1032 623 1113 αὐτούς
637 1037 699 1121 μέν
719 1034 797 1114 τούς
813 1036 956 1117 Σκύθας
971 1035 1061 1125 παρά

55 1148 168 1209 Φᾶσιν
181 1134 332 1223 ποταμόν
347 1143 468 1221 πειρᾶν
483 1138 516 1213 ές
530 1133 592 1221 τήν
607 1132 766 1221 Μηδικήν
781 1138 943 1222 ἐσβαλεῖν,
958 1139 1063 1223 σφέας

56 1243 94 1312 δέ
113 1236 193 1318 τούς
215 1235 427 1324 Σπαρτιήτας
453 1237 603 1304 κελεύειν
625 1238 657 1315 ἐξ
679 1234 818 1321 Ἐφέσου
838 1231 1063 1322 ὁρμεομένους

56 1339 253 1425 ἀναβαίνειν
264 1338 318 1402 καλ
331 1341 460 1403 ἔπειτεν
471 1337 503 1413 ἐς
518 1330 624 1401 τύντό
641 1331 802 1401 ἀπαντᾶν.
825 1337 1013 1420 Κλεομένεα
1025 1334 1062 1402 δέ

56 1440 193 1522 λέγουσι
206 1431 360 1520 ἡκόντων
379 1440 448 1500 τῶν
461 1436 629 1501 Σκυθέων
645 1434 697 1500 έπλ
717 1437 820 1499 ταῦτα
841 1427 986 1518 ὁμιλέειν
1001 1454 1062 1519 σφι

57 1533 219 1620 μεζόνως,
243 1529 418 1618 ὁμιλέοντα
434 1534 614 1617 δὲμᾶλλον
635 1539 695 1599 τού
715 1533 916 1617 ἱκνεομένου
939 1542 1062 1619 μαθεῖν

57 1628 119 1718 τήν
140 1626 387 1715 ἀκρητοποσίην
408 1626 489 1716 παρ’
508 1628 635 1697 αὐτῶν·
664 1632 700 1698 έκ
717 1631 840 1698 τούτου
861 1631 897 1699 δέ
917 1636 1066 1718 μανήναί

58 1755 116 1816 μιν
131 1733 303 1813 νομίζουσι
318 1735 534 1814 Σπαρτιῆται,
558 1733 594 1796 ἔκ
609 1755 644 1795 τε
656 1736 731 1810 τοῦ,
748 1725 792 1808 ὡς
807 1729 898 1797 αύτοδ
914 1732 1059 1814 λέγουσι,

60 1824 160 1901 έπεοὶν
171 1827 354 1913 ζωρότερον
368 1827 556 1913 βούλωνται
566 1840 672 1910 πιεῖν,
690 1824 929 1894 Ἐπισκύθισον
942 1830 1041 1910 λέγον

58 1946 98 1995 σι.
130 1925 220 1994 οὕτω
241 1923 281 2012 δή
302 1932 508 2012 Σπαρτιῆται
533 1924 574 1992 τά
600 1927 676 2010 περὶ
696 1928 885 2010 Κλεομένεα
909 1925 1059 2007 λέγουσι·

57 2026 129 2109 ἐμοὶ
143 2025 181 2090 δέ
195 2024 302 2090 δοκέει
316 2029 403 2090 τίσιν
416 2021 542 2108 ταύτην
559 2020 577 2089 ὁ
594 2024 784 2107 Κλεομένης
799 2020 988 2110 Δημαρήτῳ
1006 2022 1061 2086 έκ-

56 2137 154 2191 τῖσαι.

10 2306 12 2311 .
145 2222 411 2309 Τελευτήσαντος
425 2223 461 2290 δέ
476 2227 696 2309 Κλεομένεος,
719 2218 763 2299 ὡς
777 2221 947 2288 ἐπύθοντο
961 2224 1059 2303 Λίγι-
1073 2237 1108 2290 85

52 2329 170 2410 νῆται,
188 2326 336 2408 ἔπεμπον
353 2323 386 2400 ές
399 2319 561 2408 Σπάρτην
582 2319 743 2408 ἀγγέλους
764 2321 1060 2406 καταβωσομένους
1079 2362 1083 2369 ·

54 2424 266 2507 Λευτυχίδεω
276 2423 428 2508 περὶτῶν
440 2418 643 2510 ἐν’Λθήνησι
655 2418 792 2507 ὁμήρων
803 2422 976 2506 ἐχομένων.
990 2426 1061 2486 Λα-

55 2518 263 2604 κεδαιμόνιοι
274 2518 311 2587 δέ
321 2519 536 2606 δικαστήριον
546 2517 792 2604 συναγαγόντες
804 2523 954 2601 ἔγνωσαν
965 2541 1060 2599 περι-

55 2621 220 2705 υβρίσθαι
230 2616 411 2702 Αἰγινήτας
421 2614 487 2684 ὑπὸ
495 2621 714 2700 Λευτυχίδεω,
727 2621 786 2682 καί
793 2640 851 2700 μιν
861 2616 1061 2700 κατέκριναν

54 2721 195 2786 ἔκδοτον
209 2714 351 2802 ἄγεσθαι
362 2719 395 2795 ές
407 2725 552 2803 Λίγιναν
561 2713 635 2784 άντλ
649 2723 717 2783 τῶν
727 2718 765 2784 έν
774 2714 934 2805 Ἀθήνησι
947 2718 1060 2804 ἐχομέ-

54 2841 127 2888 νων
141 2811 287 2900 ἀνδρῶν.
316 2815 508 2901 μελλόντων
529 2817 565 2884 δὲ
583 2815 679 2901 ἄγειν
697 2822 765 2882 τῶν
781 2819 986 2902 Αἰγινητέων
1001 2814 1062 2883 τὸν

53 2916 265 2999 Λευτυχίδην
281 2911 352 2980 εἶπέ
363 2931 424 2999 σφι
436 2917 599 2999 Θεασίδης
612 2911 631 2981 ὁ
642 2915 876 3001 Λεωπρέπεος,
893 2912 958 2983 έοδν
969 2917 1006 2982 έν
1021 2921 1061 3002 τῇ

52 3009 197 3098 Σπάρτη
211 3011 347 3098 δόκιμος
360 3009 465 3098 άνήρ·
488 3019 529 3098 Τί
538 3012 705 3100 βούλεσθε
715 3015 852 3098 ποιέειν,
867 3011 987 3098 άνδρες
998 3017 1064 3078 Αί-“

51 3119 205 3201 γινὴταις
225 3110 285 3180 τδν
295 3113 433 3200 βασιλέα
448 3121 516 3181 τῶν
526 3115 763 3200 Σπαρτιητέων
773 3115 911 3180 ἔκδοτον
921 3107 1058 3196 γενόμε-

52 3238 117 3281 νον
138 3208 206 3279 ὑπὸ
227 3218 297 3278 τῶν
317 3215 502 3299 πολιητέων
523 3209 634 3298 α’γεινς
657 3216 687 3279 εί
700 3217 766 3276 νῦν
785 3207 870 3296 ὀργῇ
886 3209 1060 3294 χρεόμενοι

52 3319 209 3399 έγνωοαν
224 3309 312 3378 οὕτω
326 3319 550 3398 Σπαρτιῆται,
566 3308 653 3388 όκως
664 3311 696 3389 ἐξ
708 3305 848 3392 ὑστέρης
862 3305 909 3393 μή
923 3333 953 3373 τι
969 3303 1059 3391 ὑμῖν,

53 3405 97 3497 ήν
116 3415 222 3477 ταῦτα
241 3407 425 3496 πρήσσητε,
446 3408 671 3491 πανώλεθρον
694 3403 800 3475 κακὸν
819 3407 852 3485 ές
868 3402 930 3491 τήν
948 3405 1060 3490 χάρην
