2378 3840
152 153 195 220 74
425 192 429 201 «
525 157 780 217 HERODOTI

150 318 275 406 ἐσθῆτα
291 314 354 385 οὐκ
375 319 537 404 ἐγχωρίην
552 320 686 402 ἔχοντας
703 317 758 383 καὶ
778 313 895 403 αίχμάς
910 317 1159 404 προσεβώσατο,

149 420 209 484 καί
220 433 282 502 σφι
295 420 524 503 προσελθοῦσι
538 415 753 500 ἐπηγγείλατο
765 414 965 504 καταγωγήν
974 418 1030 485 καὶ
1041 421 1157 498 ξείνια.

150 516 185 581 οί
194 511 230 581 δέ
237 513 411 599 δεξάμενοι
421 513 705 592 καὶξεινισθέντες
716 508 777 579 ὑπ’
786 509 891 581 αὐτοῦ
900 514 1077 601 ἐξέφαινον
1088 521 1158 581 πᾶν

150 616 185 680 οί
192 610 231 680 τδ
240 612 415 700 μαντήιον,
430 610 637 699 ἐκφήναντες
651 614 687 680 δὲ
699 613 829 679 ἐδέοντο
842 610 947 680 αὐτοῦ
958 618 1004 702 τῷ
1014 619 1087 701 θεῷ
1097 639 1158 698 μιν

149 717 339 780 πείθεσθαι.
384 710 572 779 Μιλτιάδεα
587 709 623 778 δέ
636 708 829 778 άκοάσαντα
844 716 1032 798 παραυτίκα
1048 714 1158 776 ἔπεισε

149 807 167 877 ὁ
183 808 282 896 λόγος
293 804 347 876 οἷα
358 805 551 895 ἀχθόμενόν
561 833 598 876 τε
608 814 648 897 τῇ
657 807 901 895 Πεισιστράτου
912 805 996 896 άρχή
1006 807 1062 874 καὶ
1073 813 1156 894 βου-

148 906 293 994 λόμενον
310 905 463 976 ἐκποδοδν
484 906 578 976 εἶναι.
607 906 726 977 αὐτίκα
749 907 786 975 δέ
809 907 928 993 ἐστάλη
949 910 982 985 ἐς
996 905 1156 994 Δελφοὺς

148 1005 406 1093 ἐπειρησόμενος
419 1002 456 1074 τδ
468 1006 686 1094 χρηστήριον,
702 1011 733 1074 εί
745 1007 852 1074 ποιέοι
878 999 984 1093 τάπερ
1003 1002 1110 1073 αὐτοῦ
1125 1008 1158 1072 ολ

99 1129 133 1184 35
149 1102 319 1188 Δόλογκοι
333 1106 565 1190 προσεδέοντο.
601 1099 816 1190 Κελευοάσης
826 1104 862 1172 δέ
873 1105 928 1171 καὶ
940 1110 998 1190 τῆς
1008 1109 1152 1187 Πυθίης,

148 1197 237 1267 οὕτω
253 1196 294 1285 δή
310 1200 499 1288 Μιλτιάδης
519 1200 537 1270 ὁ
554 1206 730 1288 Κυψέλου,
745 1199 907 1288 Ὀλύμπια
922 1197 1156 1290 ἀναραιρηκὼς

147 1296 314 1383 πρότερον
323 1298 455 1366 τοάτων
464 1305 649 1391 τεθρίππῳ,
664 1299 739 1367 τότε
749 1297 954 1386 παραλαβών
965 1296 1155 1384 Ἀθηναίων

145 1395 257 1464 πάντα
276 1393 338 1464 τόν
351 1396 563 1484 βουλόμενον
577 1399 726 1483 μετέχειν
746 1405 808 1465 τοῦ
822 1397 944 1466 στόλου
965 1401 1073 1464 ἐπλωε
1087 1393 1155 1480 άμα

146 1507 233 1562 τοῖσι
244 1494 465 1582 Δολόγκοισι,
480 1497 536 1564 καὶ
547 1502 620 1582 ἐσχε
632 1495 695 1583 τήν
705 1496 827 1583 χώρην.
849 1503 909 1565 καί
916 1523 975 1583 μιν
986 1499 1022 1564 οί
1030 1498 1154 1582 ἐπαγα-

115 1608 118 1612 ’
146 1595 284 1681 γόμενοι
297 1594 468 1680 τύραννον
483 1595 736 1680 κατεστήσαντο.
757 1592 776 1662 ό
791 1595 828 1662 δέ
843 1601 977 1682 πρῶτον
993 1593 1057 1680 μέν
1071 1591 1154 1661 άπε-

146 1710 266 1778 τειχισε
281 1688 342 1760 τόν
359 1689 485 1779 ἰσθμόν
508 1700 566 1781 τῆς
582 1693 801 1782 Χερσονήσου
817 1695 854 1762 ἐκ
874 1698 1023 1781 Καρδίης
1038 1696 1155 1772 πόλιος

146 1796 180 1872 ἐς
192 1790 370 1878 Πακτύην,
388 1795 445 1859 ἵνα
455 1790 499 1879 μή
513 1794 620 1880 ἐχοιέν
632 1813 736 1878 σφεας
748 1797 782 1862 οί
790 1789 958 1874 Ἀψίνθιοι
974 1795 1154 1878 δηλέεσθαι

78 1976 81 1981 .
145 1892 363 1981 ἐσβάλλοντες
374 1893 407 1970 ἐς
417 1889 480 1979 τήν
492 1890 615 1979 χώρην.
637 1894 700 1961 είσὶ
714 1890 751 1961 δέ
762 1883 856 1960 οὗτοι
867 1890 996 1959 στάδιοι
1007 1893 1042 1970 ἐξ
1052 1915 1088 1957 τε
1100 1893 1154 1957 καὶ

145 1989 324 2078 τριήκοντα
336 1995 398 2056 τοῦ
410 1994 553 2077 ἰσθμοῦ·
568 1987 634 2056 άπὸ
646 1991 683 2058 δέ
693 1995 755 2058 τοῦ
766 1994 893 2076 ίσθμοῦ
902 1988 1025 2056 τούτου
1036 1984 1152 2074 ήΧερ-

146 2085 289 2172 σόνησος
303 2089 367 2152 ἔσω
383 2083 473 2151 πᾶσά
491 2086 559 2152 ἐστι
576 2089 721 2153 σταδίων
742 2093 846 2154 είκοσι
861 2087 916 2152 καὶ
930 2089 1151 2172 τετρακοσίων

98 2204 131 2262 37
147 2179 184 2250 τό
202 2189 315 2268 μῆκος.
351 2178 573 2268 Ἀποτειχίσας
588 2175 637 2250 ὦν
650 2179 712 2250 τόν
726 2179 850 2267 αὐχένα
863 2187 922 2268 τῆς
933 2179 1153 2269 Χερσονήσου

146 2275 164 2347 ὁ
181 2277 369 2365 Μιλτιάδης
383 2281 439 2347 καὶ
450 2276 530 2359 τούς
539 2277 736 2362 Ἀψινθίους
746 2279 858 2371 τρόπῳ
870 2277 1010 2369 τοιοάτφ
1021 2274 1153 2362 ὠσάμε-

145 2402 205 2456 νος
218 2383 287 2444 τσῐν
301 2384 430 2445 λοιπῶν
440 2379 602 2462 πρώτοισι
616 2381 799 2466 ἐπολέμησε
808 2386 1074 2465 Λαμψακηνοῖσι.
1098 2371 1154 2445 καί

144 2500 232 2561 μινο
234 2477 478 2562 ίΛαμψακηνοὶ
491 2476 691 2563 λοχήσαντες
706 2476 855 2563 αἱρέουσι
871 2467 1047 2597 ζωγρίχ.
1023 2501 1069 2563 ην
1086 2471 1151 2543 δὲὸ

145 2574 334 2661 Μιλτιάδης
344 2582 526 2667 Κροίσω
494 2601 540 2643 τω
526 2581 653 2667 Λυδῷ
667 2579 705 2644 ἐν
717 2575 836 2665 γυοίμη
852 2574 1016 2661 γεγονός·
1038 2576 1151 2644 πυθό-

143 2697 243 2758 μενος
266 2697 315 2739 ων
336 2669 353 2739 ὁ
377 2678 523 2760 Κροῖσος
542 2681 647 2743 ταῦτα
668 2675 810 2759 πέμπων
831 2672 1042 2796 προηγόρευε
1065 2685 1152 2741 τοισι

49 2774 52 2780 ’
143 2775 402 2856 Λαμψακηνοῖσι
416 2775 564 2855 μετιέναι
578 2769 782 2860 Μιλτιάδηνχ
801 2775 831 2838 εί
844 2768 935 2838 δέ
894 2797 957 2859 μη,
975 2773 1081 2857 σφέας
1096 2776 1152 2839 πί-

142 2893 221 2945 τυος
231 2864 496 2954 τροπονηπείλεε
507 2871 683 2957 ἐκτρίψειν.
694 2868 931 2956 πλανεομένων
939 2868 1153 2956 δέτωνΛαμ-

142 2973 305 3054 ψακηυῶν
326 2967 363 3034 έν
377 2981 462 3036 τοῖσι
480 2970 628 3058 λόγοισι,
650 2976 685 3038 τί
703 2971 812 3041 ἐθέλει
832 2965 870 3035 τό
887 2973 965 3048 ἔπος
985 2966 1089 3058 εἶπαι,
1113 2967 1150 3038 τό

142 3085 204 3151 σφι
213 3060 393 3151 ήπείλησεν
403 3061 584 3153 ὁΚροῑσος,
596 3073 712 3144 πίτυος
723 3065 850 3153 τρόπον
861 3066 1040 3153 ἐκτρίψειν,
1053 3066 1151 3155 μόγις

141 3158 217 3228 κοτέ
231 3159 354 3246 μαθων
368 3169 436 3231 τῶν
449 3191 499 3243 τις
512 3166 750 3252 πρεσβυτέρων
765 3160 836 3231 είπε
849 3160 887 3231 τδ
900 3161 968 3250 ἐόν,
985 3161 1038 3234 ότι
1052 3171 1149 3244 πίτυς

140 3257 251 3344 μούνη
264 3261 431 3347 δενδρέων
441 3261 579 3330 πάντων
589 3264 765 3330 ἐκκοπεῖσα
776 3256 923 3348 βλαστὸν
934 3256 1060 3329 οὐδένα
1070 3247 1163 3348 μετ-,ς

138 3360 199 3442 ίει,
233 3351 317 3425 άλλά
344 3358 564 3443 πανάλεθρος
585 3358 813 3441 ἐξαπόλλυται.
853 3362 1022 3440 δείσαντες
1044 3351 1096 3429 οἷν
1116 3360 1156 3455 οί,
