2378 3840
157 175 220 241 17⁶
534 179 787 238 HERODOTI

154 341 309 425 τημορλς,
328 341 386 405 ἵνα
402 339 507 427 ταότη
524 342 627 424 διεξίη
643 336 756 406 ἅπασα
774 334 796 425 ἡ
811 338 947 426 στρατιή
969 342 1001 419 ές
1014 347 1163 424 Περραι-

155 436 315 523 βοός’,οί
299 439 360 506 δὲ
370 434 411 524 δὴ
423 436 612 557 κήρυκεςοί
620 433 898 522 ἀποπεμφθέντες
908 439 942 515 ές
952 434 1013 524 τήν
1020 435 1162 504 Ἑλλάδα

155 537 209 604 ε’πλ
226 542 288 622 γῆς
306 532 475 623 αίτησιν’
454 541 517 603 απί
514 559 613 621 κατο,
635 540 671 603 ol
682 538 745 621 μὲν
761 538 883 623 κεινοί,
904 541 939 604 ολ
951 535 988 604 δέ
1002 537 1163 620 φέροντες

88 652 138 706 132
151 641 218 722 γῆν
231 661 266 703 τι
281 639 337 704 καλ
349 634 454 722 ὕδωρ.
497 641 573 702 Τῶν
589 637 626 701 δὲ
646 634 777 703 δόντων
790 642 895 703 ταῦτα
910 637 1063 721 ἐγένοντο
1078 635 1161 717 οἵδε,

155 735 329 818 Θεσσαλοὶ,
345 732 509 818 Δόλοπες,
534 721 691 819 Ἐνιῆνες,
708 737 902 822 Περραιβοὶ,
919 733 1060 819 Λοκροὶ,
1079 729 1162 797 Μό-

155 856 290 917 γνητις,
305 835 470 917 Μηλιέες,
480 828 603 916 Ἀχαιοί
617 835 652 898 οί
664 838 811 918 Φθιήται
826 833 882 898 καὶ
898 837 1039 916 Θηβαῖοι
1055 832 1111 896 καὶ
1129 831 1162 894 οι

154 928 396 996 όλλοιΒοιατολ
408 925 497 1015 πλὴν
503 931 675 996 Θεσπιέων
685 954 722 996 τε
732 928 997 996 καλΠλαταιέαν.
1015 928 1068 993 έπί
1078 924 1160 992 κου’-

154 1044 240 1092 τοισι
255 1021 450 1111 οίἝλληνες
465 1031 587 1112 ἔταμον
601 1024 719 1112 ὅρκιον
733 1031 768 1094 ol
781 1032 827 1116 τῷ
837 1024 998 1115 βαρβάρῳ
1012 1025 1160 1108 πόλεμον

153 1119 356 1209 ἀειρόμενοι.
377 1121 415 1191 τό
428 1125 465 1192 δέ
478 1122 596 1210 ὅρκιον
610 1116 676 1191 τόδε
693 1121 774 1208 εἶχε·
793 1120 887 1190 Ὅσοι
900 1130 946 1214 τῷ
956 1129 1070 1210 Πέρση
1084 1126 1160 1188 ἔδυ·

153 1240 218 1286 σαυ
227 1223 332 1305 σφέας
343 1216 629 1308 αότοόςἝλληνες
640 1221 751 1300 ἐόντες
760 1218 806 1308 μή
817 1219 1086 1307 ἀναγκασθέντες
1096 1246 1159 1285 κο·

153 1318 345 1386 ταστόνταν
360 1339 421 1405 σφι
439 1313 478 1386 εὖ
493 1327 560 1387 τῶν
553 1320 798 1441 πρηγμάτων,
812 1321 953 1398 τούτους
964 1321 1160 1386 δεκατεῦσαι

152 1444 198 1507 τῳ
185 1420 247 1485 ’έν
257 1426 422 1537 Δελφρῖσι
431 1424 512 1508 θεῷ.
528 1416 565 1486 τό
577 1418 640 1504 μὲν
651 1415 724 1505 δη”
704 1444 822 1501 ορκιον
833 1409 898 1485 ὦδε
910 1415 974 1502 εἶχε
988 1411 1139 1483 τυῖσιἝλ

88 1530 136 1583 m
153 1524 245 1601 λησι,
263 1517 296 1592 ές
312 1516 348 1581 δ
359 1513 504 1602 Ἀθήνας
518 1541 572 1582 και
563 1514 750 1600 Σπάρτην
767 1511 830 1581 οὐκ
850 1511 1022 1629 ἀπέπερψε
1036 1514 1159 1598 Ξέρξης

114 1617 205 1681 ἐπὶ
220 1618 281 1699 γῆς
295 1621 426 1698 αἴτησιν
443 1612 591 1700 κήρυκας
605 1614 762 1680 τῶνδε”
729 1636 874 1679 εινεκεν·
901 1609 1066 1697 πρότερον
1083 1619 1158 1675 Δα-

153 1716 246 1798 ρείου
261 1714 453 1829 πέμψαντος
473 1709 525 1778 ἐπ’
543 1707 624 1778 αὐτό
646 1717 745 1779 τοῦτο
761 1715 795 1779 οί
805 1711 868 1796 μὲν
882 1707 994 1776 αὐτῶν
1011 1731 1090 1782 τους
1105 1708 1157 1770 αί·

152 1813 285 1889 τίοντας
299 1807 382 1888 ές
348 1835 385 1877 το
402 1811 596 1899 βάραθρον,
613 1838 644 1881 οι
636 1808 691 1879 ’δ
708 1813 742 1890 ές
755 1815 862 1897 φρέαρ
875 1805 1103 1896 έσβαλόντες’
1086 1805 1158 1870 εκέ-

152 1916 253 1976 λευον
266 1912 330 1994 γῆν
347 1933 382 1975 τι
397 1910 453 1975 καὶ
468 1905 561 1993 ὕδωρ
576 1910 612 1977 έκ
626 1908 755 1977 τούτων
770 1913 888 1994 φέρειν
901 1903 991 1994 παρα
1008 1904 1155 1992 βασιλέα.

151 2003 280 2073 τούτων
297 2002 359 2088 μὲν
371 2007 499 2071 εἵνεκεν
513 2002 576 2072 οὐκ
590 2011 716 2091 έπεμψε
726 2007 849 2092 Ξέρξης
862 2002 940 2082 τούς
950 2002 1155 2088 αἰτήσοντας.

151 2099 170 2168 ό
185 2129 216 2168 τι
234 2101 269 2168 δὲ
283 2113 368 2167 τοῖσι
387 2099 594 2187 Ἀθηυαίοισι
615 2109 719 2170 ταῦτα
734 2102 892 2189 ποιήσασι
913 2098 993 2180 τούς
1009 2099 1158 2186 κήρυκας

151 2201 328 2288 συνήνεικε
339 2197 545 2286 ἀνεθέλητον
555 2204 726 2288 γενέσθαι,
742 2200 804 2269 οὐκ
816 2207 879 2286 ἔχω
890 2199 990 2285 εἶπαι,
1005 2196 1095 2284 πλὴν
1106 2194 1156 2264 ὅτι

150 2304 264 2386 σφέων
278 2295 299 2383 ἡ
314 2295 404 2383 χώρη
419 2301 473 2364 καί
488 2294 508 2383 ἡ
524 2297 621 2376 πόλις
636 2297 793 2384 ἐδηιώθη.
824 2295 908 2366 ἀλλὰ
928 2303 1027 2365 τοῦτο
1041 2292 1083 2364 οὗ
1101 2292 1156 2361 διὰ

85 2420 134 2474 {³4
150 2397 275 2482 ταύτην
283 2392 346 2481 τήν
357 2400 466 2480 αἰτίην
476 2398 581 2462 δοκέω
591 2400 760 2480 γενέσθαι.
782 2403 874 2462 Τοῖσι
886 2397 923 2464 δὲ
935 2387 1156 2463 όνΛακεδαι-

151 2500 296 2583 μονίοισι
311 2497 409 2577 μῆνις
423 2493 608 2576 κατέσκηψε
627 2497 823 2578 Ταλθυβίου
837 2498 897 2559 τοῦ
911 2489 1156 2577 Ἀγαμέμνονος

151 2590 306 2676 κήρυκος.
335 2592 373 2657 έν
387 2588 452 2675 γὰρ
467 2591 610 2676 Σπάρτη
631 2591 698 2656 ἐστὶ
716 2594 913 2677 Ταλθυβίου
929 2593 1020 2676 ίρόν,
1043 2590 1105 2655 είσὶ
1119 2587 1154 2652 δὲ

151 2691 205 2755 καί
216 2684 378 2771 ἀπόγονοι
394 2692 590 2773 Ταλθυβίου
605 2685 838 2774 Ταλθυβιάδαι
849 2685 1057 2772 καλεόμενοι,
1070 2697 1154 2751 τοῖσι

151 2787 188 2850 αί
200 2787 378 2869 κηρυκηίαι
393 2786 429 2849 αί
442 2785 479 2849 έκ
489 2783 648 2870 Σπάρτης
658 2792 761 2853 πᾶσαι
777 2785 877 2870 γέρας
888 2783 1049 2851 δέδονέαι.
1072 2776 1153 2867 μετὰ

150 2885 186 2950 δὲ
203 2888 306 2949 ταῦτα
319 2896 404 2949 τοῖσι
418 2883 647 2971 Σπαρτιήτῃσι
660 2889 858 2969 καλλιρήσαι
873 2882 1072 2968 θυομένοισι
1094 2877 1155 2946 οὐκ

150 2980 300 3048 έδόνατο.
323 2986 421 3047 τοῦτο
434 2976 465 3046 δ’
479 2980 531 3047 έπλ
540 2979 664 3067 χρόνον
676 2977 801 3066 συχνόν
811 2973 856 3067 ήυ
866 3000 936 3065 σφι.
956 2977 1156 3063 ἀχθομένων

150 3080 186 3146 δὲ
196 3082 251 3146 καὶ
260 3085 419 3166 συμφορή
428 3080 909 3165 χρεομένωνΛακεδαιμονίον,
921 3073 1016 3162 ἁλίης
1026 3100 1061 3141 τε
1071 3081 1155 3140 πολ·

149 3179 243 3256 λόκις
255 3182 499 3264 συλλεγομένης
513 3181 567 3244 καλ
579 3177 734 3264 κήρυγμα
745 3176 876 3246 τοιόνδε
891 3177 1112 3260 ποιευμένων,
1125 3180 1158 3238 ει·

148 3398 259 3459 σκειυ,
283 3385 454 3466 Σπερθίης
467 3405 503 3446 τε
518 3377 536 3448 ὁ
554 3376 749 3466 Ἀνηρίστου
763 3382 818 3449 καλ
832 3384 953 3456 Βοῦλις
967 3375 986 3445 ὁ
999 3375 1157 3444 Νικόλεω
