2378 3840
137 144 240 236 324⁹
518 181 768 239 οεοοοοτι

134 339 314 423 γινομένης
324 337 361 405 δὲ
372 344 482 425 φυγῆς
496 343 564 406 τών
577 339 740 407 έναντίων
751 339 951 408 ἐδέδοκτο
914 367 978 430 την
989 342 1148 432 ἄγκυραν

136 433 406 520 ἀναλαβόντα
370 436 459 505 ούτω
478 435 623 504 διώκειν.
654 430 752 517 οὗτος
771 438 892 526 μέν”
849 465 937 508 ουτω
953 444 1107 530 λέγεται,
1129 441 1147 512 ὁ

132 529 167 596 δ’
180 535 291 620 ἕτερος
301 543 369 654 τμόν
383 537 536 627 λόγων
506 542 551 605 τώ
562 538 729 626 πρότερον
739 539 922 626 λεχθέντι’
902 548 1148 633 αμφισβατέων

132 629 329 717 λέγεται,
307 658 352 711 ως
371 631 423 702 ἐπ’
440 605 636 714 ἀσπίδοςί
600 661 621 703 α
637 637 664 703 εὶ
684 636 911 724 περιθεούσης
931 644 987 710 καὶ
1009 640 1146 732 ούδαμά

134 728 371 853 ἀτρεμιζούσης
386 734 505 821 έφόρεε
519 733 718 823 έπίσημον”
695 762 866 826 αγκνραν,
881 739 990 810 μαλ’
950 768 1014 811 ουκ
1030 746 1068 813 ἐκ
1083 752 1147 814 τοῦ

87 847 121 904 ⁷5
135 831 292 917 θώρηκος
308 837 490 923 δεδεμένην
503 839 672 923 σιδηρέην.
695 833 788 906 Ἔστι
803 839 840 906 δὲ
860 842 953 908 καλ”
932 866 1051 929 ετερον
1064 853 1146 912 Σω-

134 934 402 1023 φάνεῑλαμπρόυ
412 942 515 1023 ἔργον
530 935 825 1023 έξεργασμένον,”
805 962 856 1006 οτι
867 944 1145 1028 περικατημένων

129 1033 745 1125 ἈθηναίωνΑέγινανΕύρυβάτηντόν
756 1033 1036 1161 Ἀρχεϊον,ἀνδρα
1045 1063 1143 1109 πεντ·

131 1137 283 1255 άεθλον,
301 1139 337 1204 ἐκ
356 1139 561 1258 προκλησιος
581 1139 754 1225 ἐφόνευσε.
789 1135 896 1208 αὐτόν
912 1138 949 1207 δὲ
966 1140 1144 1228 Σωφάνεα

132 1232 244 1322 χρόνῳ
258 1231 402 1317 ύστερον
417 1236 547 1304 τούτων
561 1238 722 1323 κατέλαβε
736 1233 844 1323 ἀνδρα
855 1235 1044 1323 γενόμενον
1058 1235 1144 1325 ἀγα-

132 1329 218 1417 θόν,
230 1327 420 1415 Ἀθηναίων
434 1330 759 1419 στρατηγέονταάμα
768 1333 909 1425 Λεάγρῳ
919 1340 965 1424 τῷ
975 1335 1144 1405 Γλαύκω-

132 1455 209 1516 νος,
226 1426 415 1515 ἀποθανεῖν
429 1427 494 1498 ύπό
507 1429 666 1499 Ἠδωνιιν
680 1433 717 1499 ἐν
727 1430 830 1522 Δάτηε
843 1434 1003 1518 περὶτῶν
1017 1435 1143 1520 μετάλ-

133 1537 204 1598 λων
217 1534 285 1597 τών
300 1533 452 1614 χρυσέων
466 1530 667 1616 μαχόμενον.

84 1643 118 1699 76
213 1623 272 1704 Ὡς
291 1626 329 1693 δὲ
347 1640 432 1695 ποδσι
444 1622 580 1713 Ἕλλησι
601 1629 639 1694 έν
652 1632 838 1716 Πλαταιῇσι
859 1631 1094 1717 κατέστρωντο
1113 1636 1142 1702 οἱ

131 1725 308 1813 βάρβαροι,
323 1726 475 1794 ἐνθαῦτά
485 1745 548 1812 σφι
559 1726 686 1812 ἐπῆλθε
698 1722 786 1811 γυνὴ
803 1721 1001 1813 αὐτόμολος,
1016 1726 1141 1813 ἢέπει-

131 1823 173 1912 δὴ
185 1831 294 1912 έμνθε
314 1822 531 1904 ἀπολωλότας
550 1822 630 1904 τούς
645 1825 778 1911 Πέρσας
797 1825 853 1891 καλ
869 1824 1046 1907 νικέοντας
1063 1827 1141 1909 τούς

130 1920 310 2008 Ἕλληνας,
338 1924 440 1992 ἐοῦσα
461 1919 613 2009 παλλακὴ
637 1920 873 2004 Φαρανδάτεος
892 1928 954 1989 τοῦ
972 1923 1137 2004 Τεάσπιος

130 2016 254 2104 ἀνδρὸς
263 2021 412 2106 Πέρσεω,
428 2023 663 2107 κοσμησαμένη
673 2024 786 2109 χρυσῷ
796 2026 908 2109 πολλῷ
919 2021 974 2089 καὶ
986 2019 1076 2110 αὐτὴ
1089 2023 1138 2091 κώ

130 2117 360 2206 αίάμφέπολοι
384 2123 440 2189 καλ
455 2123 571 2208 έσθητι
586 2147 626 2209 τη
611 2125 802 2208 καλλίστη
820 2126 889 2188 τών
908 2125 1139 2206 παρεουσέων,

129 2224 302 2305 καταβᾶσα
315 2220 352 2287 έκ
366 2226 424 2305 πῆς
438 2217 633 2306 ἁρμαμάξης
647 2216 766 2336 έχώρεε
787 2219 821 2297 ές
833 2244 913 2297 τους
927 2224 1140 2308 Λακεδαιμο-

128 2325 225 2398 νίους
239 2323 287 2385 ἔτι
300 2320 339 2384 έν
352 2322 427 2405 τησι
440 2307 1020 2439 φονησιέόντας,όρέομσαδδπάντα
1028 2321 1140 2390 έκεδνα

129 2418 288 2486 διέποντα
304 2421 520 2501 Παυσανίην,
536 2413 704 2502 πρότερόν
718 2411 803 2483 τετὸ
821 2411 950 2500 ούνομα
965 2417 1140 2497 ἐξεπιστα-

129 2516 213 2601 μένη
230 2508 336 2580 καὶ
300 2538 363 2599 την
376 2513 510 2599 πάτρην
525 2511 609 2581 ώστε
621 2514 782 2591 πολλάκις
798 2509 982 2600 ἀκούσασα,
997 2519 1092 2601 ἔγνω
1108 2541 1141 2584 τε

128 2609 189 2679 τόν
199 2615 399 2696 Παυσανίην
412 2615 467 2681 καλ
478 2614 646 2697 λαβομένη
661 2618 730 2679 τών
743 2610 921 2697 γουνάτων
932 2615 1029 2698 ἔλεγε
1044 2615 1140 2682 τάδε·

124 2701 164 2776 Ὦ
185 2713 324 2794 βασιλεῦ
339 2708 516 2794 Σπάρτης,
540 2711 644 2795 ῥῦσαί
656 2735 698 2795 με
718 2705 780 2795 τὴν
800 2711 905 2776 ἱκέτιν
925 2711 1141 2795 αἰχμαλώτου

129 2804 346 2890 δουλοσύνης.
370 2802 414 2873 σε)
428 2802 493 2891 γάρ
508 2807 565 2875 καὶ
581 2809 614 2884 ές
630 2806 708 2874 τάδε
729 2803 859 2892 ώνησας
876 2805 1000 2873 τούσδε
1014 2804 1140 2877 ἀπολέ-

129 2921 190 2980 σας
204 2897 283 2979 τούς
297 2898 375 2969 ούτε
389 2900 561 2988 δαιμόνων
571 2901 650 2972 οὔτε
662 2909 755 2972 θεῶν
767 2900 846 2970 ὄπιν
858 2907 1001 2988 ἔχοντας.
1027 2908 1096 2991 εἰμὶ
1107 2908 1140 2972 δὲ
1177 2906 1180 2911 ’

128 3001 225 3086 γένος
238 2999 301 3084 μὲν
315 2996 415 3090 Κῴη,
436 2999 590 3088 θυγάτηρ
604 3003 641 3070 δ
656 2998 879 3087 Ἡγητορίδεω
898 3004 960 3066 τοῦ
977 2997 1139 3128 Ἀντμγό-

129 3121 205 3180 ρεω
227 3102 284 3184 βίη
300 3100 340 3164 δέ
350 3123 391 3182 με
404 3095 518 3184 λαβών
533 3100 572 3166 έν
586 3105 644 3189 Κῷ
659 3093 755 3184 εἰχε’
741 3123 759 3166 ο
776 3099 917 3183 Πέρσης
936 3093 973 3164 ‘O
990 3097 1066 3166 δέ’
1045 3107 1139 3188 αμεέ-

128 3201 222 3281 βεται
241 3199 380 3262 τοισέδε·
411 3195 535 3281 Γύναι,
560 3197 687 3281 θάρσεε
704 3191 797 3264 καὶ
775 3220 820 3272 ως
836 3193 952 3280 ἱκέτις,
972 3197 1033 3264 καὶ
1049 3203 1082 3267 εἰ
1100 3193 1138 3282 δη

129 3290 212 3376 πρὸς
226 3292 334 3385 τούτῳ
350 3294 524 3380 τυγχάνεις
538 3291 667 3413 ἀληθέα
682 3295 827 3380 λέγουσα
841 3294 896 3360 καὶ
917 3289 964 3372 dg
977 3293 1137 3383 θυγάτηρ
1173 3278 1181 3355 Ι

119 3389 345 3505 Ἡγητορίδεω
362 3417 422 3464 του
408 3389 580 3487 ΗΚηόου,
568 3391 604 3472 ός
617 3393 689 3480 ἐμοὶ
698 3393 805 3471 ξετνος
818 3390 961 3476 μάλιστα
975 3391 1137 3482 τυγχάνει
