2378 3840
310 205 392 261 ΗΒ.
420 204 458 258 VI
500 202 597 260 CAP.
629 209 824 274 Βδμλ-θλ
1027 202 1070 267 99

61 366 232 449 ammo,
257 364 290 440 ἐς
306 368 425 428 πλοῖον
447 358 546 448 ἐσβάς
560 360 768 448 ἐκδιδρήσκει
790 364 827 431 ἐκ
845 370 904 452 τῆς
916 371 1067 454 Αἰγίνης,

60 456 130 530 σάν
147 461 188 526 δέ
202 454 240 527 οἰ
250 459 306 526 καί
325 455 419 526 ἄλλοι
441 460 478 525 ἐκ
495 463 564 524 τῶν
579 460 788 545 Αἰγινητέων
802 462 960 550 έσποντο,
981 479 1068 532 τοῖσι

59 554 390 643 ΑθηναῖοιΣοόνιυν
399 559 531 641 οἰκῆσαι
542 559 672 624 ἰδοσαν.
685 558 846 627 ἐνθεῦτεν
856 559 893 627 δὲ
901 552 995 628 οὗτοι
1006 557 1053 644 όρ

58 656 220 745 μεόμενοι
233 656 358 743 ἔφερόν
369 680 406 724 τε
419 658 475 723 καί
484 647 571 743 ήγοτ
581 654 660 736 τοὺς
672 658 710 724 έν
718 663 759 746 τῇ
770 658 862 752 νήσφ
872 662 1062 749 Αἰγινήτας.

58 760 166 825 ταῦτα
178 755 241 840 μέν
256 751 298 840 δή
311 751 455 838 ὕστερον
470 755 612 840 ἐγίνετο,
627 759 836 841 Αἰγινητέων
851 757 889 826 δὲ
902 762 937 826 οἰ
947 762 1064 847 παχέες
1080 772 1107 831 91

58 851 307 930 ἐπαναστάντος
321 857 382 919 τοῦ
396 849 506 939 δήμου
516 868 577 936 σφι
588 847 655 937 ἅμα
665 853 870 945 Νικοδρόμῳ
883 857 1065 944 ἐπεκράτη-

58 971 136 1036 σαν,
153 953 209 1018 καί
219 952 346 1017 ἔπειτέν
358 969 463 1036 σφεας
471 952 711 1036 χειρωσάμενοι
723 953 842 1037 ἐξῆγον
856 950 1062 1033 ἀπολέοντες.

57 1044 128 1116 ἀπὸ
142 1047 267 1116 τούτου
280 1050 318 1115 δέ
330 1050 385 1115 καί
396 1046 476 1133 ἀγος
487 1069 548 1132 σφι
562 1049 710 1134 ἐγένετο,
724 1046 761 1116 τό
774 1048 986 1119 ἐκθύσασθαι
1001 1049 1064 1119 οόκ

58 1143 129 1218 οἷοί
145 1172 183 1215 τε
195 1148 346 1233 ἐγίνοντο
364 1142 665 1233 έπιμηχανεόμενοι,
690 1144 764 1215 ἀλλ’
787 1153 944 1235 ἔφθησαν
966 1151 1064 1219 ἐκπε-

57 1246 177 1326 σόντες
189 1243 355 1332 πρότερον
369 1247 405 1312 ἐκ
416 1252 474 1331 τῆς
482 1242 624 1331 νησονή
637 1264 698 1330 σφι
713 1248 813 1314 ἰλεων
828 1251 988 1333 γενέσθαι
1001 1247 1064 1337 τήν

56 1344 154 1413 θεόν.
178 1344 394 1422 ἑπτακοσίους
408 1341 473 1430 γάρ
490 1340 531 1429 δή
550 1350 611 1410 τοῦ
628 1342 738 1430 δήμου
750 1345 976 1434 ζωγρήσαντες
990 1351 1064 1434 ἐξῆ-

58 1437 179 1531 γονάς
191 1437 406 1527 ἀπολέοντες,
422 1435 468 1520 εἰς
479 1445 517 1509 δέ
526 1466 576 1520 τις
586 1441 717 1509 τούτων
731 1443 890 1530 ἐκφυγόν
902 1443 942 1513 τά
958 1443 1062 1532 δεσμά

58 1536 263 1624 καταφεύγει
276 1535 361 1626 πρὸς
373 1537 534 1625 πρόθυρα
544 1538 722 1626 Δήμητρος
737 1543 958 1630 θεσμοφόρου
966 1595 975 1628 ,
991 1547 1064 1614 έπι-

60 1637 245 1728 λαβόμενος
255 1639 292 1706 δὲ
302 1644 371 1705 τόν
382 1638 637 1725 ἐπισπαστήρων
649 1647 767 1725 είχετο.
788 1644 823 1708 οἰ
831 1642 868 1709 δὲ
882 1642 989 1709 ἐπείτε
1006 1666 1064 1728 μιν

60 1737 252 1809 ἀποσπάσαι
267 1735 330 1805 οὐκ
348 1733 415 1805 οἷοί
425 1763 460 1805 τε
474 1735 673 1816 ἀπέλκοντες
685 1740 853 1825 ἐγίνοντο,
866 1737 1064 1819 ἀποκόψαν-

58 1861 110 1917 τες
125 1832 232 1904 αὐτοῦ
245 1832 305 1914 τὰς
317 1850 428 1922 χεῖρας
437 1828 523 1922 ήγον
538 1832 644 1923 οὕτω,
657 1850 764 1923 χεῖρες
778 1838 814 1904 δὲ
825 1839 949 1905 ἐκεῖναι
963 1839 1064 1923 έμπε-

56 1949 201 2025 φυκυῖαι
213 1926 300 2024 ἦσαν
314 1948 399 2003 τοῖσι
415 1937 661 2022 ἐπισπαστῆρσι.
686 1941 798 2003 Ταῦτα
807 1938 869 2023 μέν
880 1962 946 2003 νυν
957 1939 1062 2023 σφέας
1077 1947 1112 2003 9²

55 2033 183 2114 αὐτοὺς
204 2039 238 2104 οἰ
249 2039 425 2119 Αἰγινῆται
444 2034 645 2120 ἐργάσαντο,
663 2031 872 2119 Ἀθηναίοισι
893 2035 930 2101 δὲ
943 2031 1064 2122 ήκουσι

55 2132 295 2222 ἐναυμάχησαν
305 2135 405 2218 νηυσὶ
417 2132 653 2218 ἑβδομήκοντα,
666 2132 870 2211 ἑσσωθέντες
880 2134 916 2201 δὲ
927 2141 968 2222 τῇ
977 2160 1064 2202 ναυ-

51 2238 159 2324 μαχίη
174 2232 391 2300 ἐπεκαλέοντο
403 2233 484 2311 τούς
497 2227 621 2310 αότοάς
633 2229 713 2309 τούς
726 2229 781 2298 καί
795 2229 970 2319 πρότερον,
986 2226 1063 2315 Ἀρ-

51 2339 179 2421 γείους.
189 2331 245 2399 καί
252 2330 295 2418 δή
305 2351 362 2418 σφι
370 2325 531 2420 οὗτοιμέν
539 2329 652 2400 οόκέτι
660 2330 839 2416 βωθίουσι,
846 2329 1064 2418 μεμφόμενοι,

53 2433 108 2503 ὅτι
125 2436 298 2516 Αἰγιναῖαι
316 2433 389 2511 νέες
406 2429 538 2521 ἀνάγκη
555 2428 759 2516 λαμφθεῖσαι
775 2426 844 2497 ὖπδ
858 2430 1063 2517 Κλεομένεος

55 2540 157 2620 ἔσχον
165 2556 202 2599 τε
212 2534 244 2610 ές
253 2530 314 2619 τήν
320 2528 497 2618 Ἀργολίδα
510 2530 623 2619 χεόμην
635 2530 692 2597 καί
707 2530 945 2615 συναπέβησαν
953 2537 1062 2596 Λακε-

54 2637 274 2718 δαιμονίοισι·
293 2631 531 2717 συναπέβησαν
545 2628 583 2698 δὲ
595 2628 650 2696 καὶ
664 2623 730 2695 ἀπό
748 2633 961 2697 Σικυωνιέων
974 2631 1063 2696 νεῶν

54 2731 179 2818 ἀνδρες
191 2733 232 2820 τή
242 2730 330 2820 αότή
342 2729 445 2820 ταάιη
455 2732 587 2818 έσβολή.
613 2734 671 2796 καί
679 2748 737 2817 σφι
745 2723 975 2818 ἀπ”Αργείωυ
985 2729 1060 2796 ἐπε-

50 2831 167 2922 βλήθη
178 2837 290 2918 ζημίη,
308 2837 396 2918 χίλια
410 2831 556 2898 τάλαντα
570 2832 710 2915 ἐκτῖσαι,
731 2827 933 2897 πειιτακόσια
949 2831 1062 2898 ἑκατέ-

52 2956 145 3016 ρους.
178 2928 364 2997 Σικυώνιοι
381 2931 443 3016 μέν
457 2954 523 2996 νυν
538 2927 743 3014 συγγνόντες
759 2923 914 3013 ἀδικῆσαι
930 2926 1062 3013 ὡμολό-

50 3046 162 3116 γησαν
177 3024 296 3095 ἑκατόν
308 3027 454 3096 τάλαντα
472 3029 657 3105 ἐκτίσαντες
668 3023 799 3112 ἀζήμιοι
811 3023 905 3110 εἰναι,
920 3030 1062 3111 Αἰγινή-

51 3150 107 3192 ται
123 3124 161 3192 δὲ
174 3122 252 3197 οὔτε
268 3126 558 3212 συνεγινώσκοντο
583 3116 672 3211 ήσάν
682 3150 718 3190 τε
730 3119 980 3204 αὐθαδέστεροι.
1006 3119 1061 3188 διά

52 3220 93 3310 δή
109 3229 214 3290 ταῦτα
235 3218 509 3312 δεομένοισιάπὸ
526 3222 589 3309 μέν
603 3229 665 3291 τοῦ
680 3226 842 3308 δημοσίου
858 3218 968 3299 οὐδεὶς
985 3218 1061 3308 Ἀρ-

50 3330 155 3412 γείων
170 3329 216 3392 ἔτι
248 3324 392 3411 ἑβάθεε,
414 3326 587 3393 ἐθελονταί
604 3323 641 3391 δέ
656 3324 689 3402 ές
705 3327 846 3409 χιλίους·
868 3313 930 3407 ήγε
945 3322 981 3388 δέ
997 3317 1061 3387 αό-

48 3419 131 3501 τοάς
140 3417 539 3511 στρατηγδςΕόρυβάτης,
547 3420 757 3490 πεντάεθλον
769 3416 965 3573 έπασκήρας.
981 3416 1061 3484 τοό·
