2378 3840
297 195 384 254 LIB.
414 193 472 264 m,
507 194 607 252 cm».
641 196 819 258 226-233.
1005 190 1067 256 221

64 353 143 433 τοὺς
160 356 382 440 μαχομένους,
404 349 491 430 όκως
512 352 548 420 δέ
563 349 667 419 αὐτὸν
686 349 807 440 ἤγαγε,
829 356 890 424 τὸν
907 353 970 440 μὲν
986 347 1069 438 άγα-
1090 398 1093 405 ·

64 452 169 539 γόντα
184 461 334 539 οἴχεσθαι
351 451 539 536 φεύγοντα,
554 446 614 516 τὸν
629 449 663 518 δὲ
682 452 864 517 ἐσπεσόντα
875 452 908 529 ές
918 448 977 517 τὸν
993 443 1065 530 ὅμι-

64 561 125 620 λον
139 555 386 638 διαφθαρῆναι,
404 547 643 636 Ἀριστόδημον
664 549 699 615 δὲ
716 552 978 634 λειποψυχέοντα
999 555 1068 616 λει-

65 655 205 736 φθήναι.
230 654 261 717 εί
273 651 335 734 μέν
346 673 411 715 νυν
425 640 470 734 ήν
483 653 614 733 μοῦνον
624 641 862 733 Ἀριστόδημον
877 641 1068 732 ἀλγήσαντα

63 744 289 835 άπονοστήσαι
303 749 335 826 ές
345 745 524 833 Σπάρτην,
540 739 628 831 ήκαλ
639 740 725 829 ὁμοῦ
740 762 853 830 σφεων
867 740 1068 830 ἀμφοτέρων

62 841 125 931 τήν
138 841 282 930 κομιδήν
299 848 476 929 γενέσθαι,
499 845 629 910 δοκέειν
643 844 714 927 έμοὶ
730 839 793 909 οὐκ
809 840 852 909 άν
872 860 932 928 σφι
947 850 1067 928 Σπαρ-

63 940 174 1028 τιήτας
188 940 289 1027 μήνιν
300 937 461 1025 οὐδεμίαν
471 939 701 1025 προσθέσθαι,
721 941 799 1005 νυνὶ
811 938 848 1005 δέ
857 943 917 1004 τοῦ
930 937 991 1022 μὲν
1003 934 1066 1003 αδ-

62 1044 131 1104 τάυ
148 1035 376 1124 άπολομένον,
394 1044 455 1103 τοῦ
471 1036 507 1104 δέ
527 1043 585 1121 τῆς
607 1035 668 1122 μέν
690 1030 792 1120 αὐτῆς
808 1035 967 1120 ἐχομένου
981 1058 1066 1116 προ-

63 1132 201 1219 φάσιος,
223 1130 286 1200 οὐκ
303 1134 524 1222 ἐθελήσαντος
545 1132 581 1200 δέ
600 1129 849 1218 ἀποθνήσκειν,
878 1129 1066 1217 άναγκαίως

64 1251 124 1317 σφι
136 1237 223 1316 ἔχειν
233 1245 370 1319 μηνῖσαι
379 1231 532 1319 μεγάλως
543 1228 776 1319 Ἀριστοδήμῳ.
801 1232 845 1297 OC
854 1233 917 1315 μέν
928 1253 994 1297 νυν
1004 1224 1066 1294 οὕ·
1083 1242 1137 1297 2³0

63 1353 109 1394 τω
130 1333 283 1414 σωθῆναι
302 1330 437 1415 λέγουσι
454 1327 693 1416 ’Λριστόδημον
710 1328 743 1404 ἐς
757 1325 920 1412 Σπάρτην
939 1328 994 1393 καλ
1011 1323 1066 1392 διά

63 1424 235 1511 πρόφασιν
245 1424 389 1513 τοιήνδε,
399 1431 431 1495 οί
441 1427 477 1493 δέ
487 1423 631 1512 άγγελον
641 1426 838 1510 πεμφθέντα
848 1425 885 1490 έκ
894 1429 956 1490 τοῦ
966 1441 1067 1507 στρα-

65 1527 222 1608 τοπέδου,
239 1521 332 1604 έξεδν
346 1521 437 1614 αὐτῷ
452 1529 652 1609 καταλαβεῖν
667 1522 730 1608 τήν
749 1520 859 1608 μάχην
872 1522 1065 1606 γινομένην,

64 1621 127 1690 οὐκ
139 1624 307 1708 ἐθελήσαι,
320 1619 394 1689 ἀλλ’
404 1619 631 1707 ὑπομείναντα
642 1622 679 1688 έν
689 1626 729 1708 τή
740 1617 807 1709 ὁδῷ
818 1620 1065 1707 περιγενέσθαι,

63 1717 123 1787 τδν
138 1720 174 1786 δέ
190 1719 400 1804 συνάγγελον
412 1716 516 1786 αὐτοῦ
527 1716 734 1804 ἀπικόμενον
745 1720 778 1797 ές
787 1716 850 1803 τήν
861 1718 970 1804 μάχην
981 1713 1067 1784 άπο-

65 1827 193 1884 θανεῖν.
211 1813 456 1903 ’Λπονοστήσας
467 1819 503 1883 δὲ
515 1811 818 1900 έςΛακεδαίμοναδ
833 1813 1067 1901 Ἀριστόδημος
1083 1833 1131 1888 231

65 1912 194 1992 όνειδός
206 1939 242 1980 τε
258 1912 321 1999 εἶχε
336 1915 391 1981 καὶ
405 1909 554 1998 ἀτιμίην
576 1911 713 1998 πάσχων
727 1913 762 1979 δὲ
777 1913 889 1980 τοιάδε
905 1911 1064 1999 ἠτίμωτο·

63 2008 141 2078 οὔτε
162 2014 195 2078 οί
208 2019 277 2098 πάρ
298 2007 408 2089 οὐδεὶς
422 2015 522 2077 έναυε
536 2010 775 2097 Σπαρτιητέων
795 2009 873 2079 οότε
891 2015 1064 2098 διελέγετο,

63 2107 192 2186 όνειδός
209 2133 244 2175 τε
262 2105 326 2194 εἶχε
346 2105 363 2176 ὁ
380 2111 496 2195 τρέσας
507 2105 748 2197 Ἀριστόδημος,
755 2108 965 2196 καλεόμενος.
990 2107 1062 2178 ἀλλ’

62 2205 80 2276 ὁ
96 2208 158 2293 μὲν
174 2209 211 2274 έν
224 2213 264 2294 πή
277 2209 315 2274 έν
331 2213 515 2296 Πλαταιήσι
529 2208 617 2296 μάχη
632 2204 772 2295 άνέλαβε
786 2215 898 2276 πᾶσαν
911 2207 973 2297 τήν
988 2213 1065 2278 έπε-

61 2305 255 2390 νειχθελσάν
266 2309 300 2372 ολ
309 2310 425 2391 αίτίην,
445 2306 584 2391 Λέγεται
596 2305 631 2373 δέ
643 2309 698 2374 καί
709 2303 813 2375 άλλον
824 2303 1066 2394 άποπεμφθέν*
1082 2324 1133 2380 232

65 2433 103 2474 τα
119 2404 262 2493 άγγελον
277 2406 310 2483 ές
324 2412 511 2492 Θεσσαλίην
524 2413 592 2474 τῶν
607 2413 806 2494 τριηκοσίων
823 2409 953 2475 τούτων
968 2431 1065 2499 περι-

62 2505 233 2588 γενέσθαι,
240 2509 285 2593 τῷ
296 2500 425 2588 οόνομα
437 2499 695 2590 είναιΠαντίτην
705 2530 711 2542 ·
723 2504 931 2590 νοστήσαντα
942 2505 1064 2570 δδτοῦ-

62 2624 122 2667 τον
133 2602 166 2679 ές
173 2598 344 2685 Σπάρτην,
358 2596 402 2679 ὡς
412 2596 564 2686 ήτίμωτο,
576 2597 797 2687 ἀπάγξασθαι.
816 2605 859 2670 Οί
869 2600 1063 2687 δδΘηβαλοι,
1081 2619 1134 2673 233

62 2704 131 2765 τῶν
145 2694 163 2765 δ
176 2697 378 2783 Λεοντιάδης
390 2696 599 2784 ἐστρατήγεε,
615 2700 694 2777 τέως
707 2695 861 2784 μὲνμετὰ
871 2695 1066 2784 τῶνἙλλή-

64 2820 133 2862 νων
148 2793 258 2873 ἐόντες
275 2793 435 2880 ἐμάχοντο
453 2792 512 2862 ὑπ’
534 2793 715 2882 άναγκαίης
735 2795 885 2882 ἐχόμενοι
904 2795 989 2883 πρὸς
1003 2793 1064 2882 τήν

61 2894 215 2980 βασιλέος
229 2892 403 2981 στρατιήν,
427 2890 470 2973 ὡς
485 2893 521 2961 δέ
541 2891 634 2963 εἶδον
652 2898 879 2983 κατυπέρτερα
893 2901 961 2961 τῶν
975 2902 1064 2978 Περ·
1116 2962 1129 2975 ,
1159 2983 1162 2987 ⁴

62 2996 149 3060 σέων
162 2989 324 3078 γινόμενα
337 2988 377 3059 τά
393 2991 586 3080 πρήγματα,
600 2990 690 3060 οὕτω
702 2991 742 3079 δή
754 2999 822 3060 τῶν
836 2992 902 3061 σὺν
912 2997 1066 3082 Λεωνίδη
1079 3040 1085 3046 ψ»
1130 2983 1136 2992 ”

64 3090 226 3175 Ελλήνων
241 3092 465 3176 ἐπειγομένων
486 3092 538 3158 ἐπὶ
558 3088 618 3158 τδν
630 3088 791 3158 κολωνὸν
807 3088 1065 3177 ἀποσχισθέντες

62 3185 192 3252 τούτων
206 3187 316 3275 χελράς
329 3213 365 3255 τε
379 3190 573 3275 προέτεινον
589 3189 644 3256 καί
660 3186 759 3273 ήισαυ
775 3180 881 3255 άσσον
896 3195 964 3256 τῶν
980 3194 1065 3276 βαρ-

61 3286 195 3373 βάρων,
216 3287 368 3370 λέγοντες
387 3284 448 3353 τδν
467 3284 696 3373 ἀληθέστατον
715 3293 783 3354 τάν
797 3286 926 3374 λόγων,
952 3284 996 3365 ὡς
1010 3288 1065 3354 καί

62 3389 235 3472 μηδίζουσι
248 3387 303 3452 καὶ
316 3392 382 3471 γήν
391 3411 427 3453 τε
437 3387 491 3454 καὶ
503 3384 595 3473 ὕδωρ
608 3388 645 3453 ἐν
656 3384 817 3471 πράτοισι
832 3389 953 3452 ἔδοσαν
967 3392 1063 3471 βασι-
