<?xml version="1.0" encoding="UTF-8"?>
<!DOCTYPE html PUBLIC "-//W3C//DTD XHTML 1.0 Transitional//EN"
    "http://www.w3.org/TR/xhtml1/DTD/xhtml1-transitional.dtd">
<html xmlns="http://www.w3.org/1999/xhtml" xml:lang="en" lang="en">
 <head>
  <title>
</title>
<meta http-equiv="Content-Type" content="text/html;charset=utf-8" />
  <meta name='ocr-system' content='tesseract 3.04.00' />
  <meta name='ocr-capabilities' content='ocr_page ocr_carea ocr_par ocr_line ocrx_word'/>
</head>
<body>
  <div class='ocr_page' id='page_1' title='image "./herodotihistori01herogoog_0227.png"; bbox 0 0 2378 3840; ppageno 0'>
   <div class='ocr_carea' id='block_1_1' title="bbox 120 178 751 250">
    <p class='ocr_par' dir='ltr' id='par_1_1' title="bbox 120 178 751 250">
     <span class='ocr_line' id='line_1_1' title="bbox 120 178 751 250; baseline -0.01 0"><span class='ocrx_word' id='word_1_1' title='bbox 120 178 184 250; x_wconf 65' lang='grc' dir='ltr'><strong><em>θα</em></strong></span> <span class='ocrx_word' id='word_1_2' title='bbox 499 188 751 246; x_wconf 79' lang='grc' dir='ltr'><strong><em>εοοοοοτι</em></strong></span> 
     </span>
    </p>
   </div>
   <div class='ocr_carea' id='block_1_2' title="bbox 62 340 1141 3476">
    <p class='ocr_par' dir='ltr' id='par_1_2' title="bbox 119 340 1135 1806">
     <span class='ocr_line' id='line_1_2' title="bbox 122 340 1132 432; baseline -0.001 -17"><span class='ocrx_word' id='word_1_3' title='bbox 122 352 222 427; x_wconf 75' lang='grc' dir='ltr'><strong><em>ἔξεισι</em></strong></span> <span class='ocrx_word' id='word_1_4' title='bbox 236 349 315 432; x_wconf 75' lang='grc' dir='ltr'><strong><em>πρὶν</em></strong></span> <span class='ocrx_word' id='word_1_5' title='bbox 336 340 545 432; x_wconf 83' lang='grc' dir='ltr'><strong><em>ἢθύσεσθαι</em></strong></span> <span class='ocrx_word' id='word_1_6' title='bbox 561 349 674 432; x_wconf 84' lang='grc' dir='ltr'><strong><em>μέλλη.</em></strong></span> <span class='ocrx_word' id='word_1_7' title='bbox 704 343 748 424; x_wconf 77' lang='grc' dir='ltr'><strong><em>ὥς</em></strong></span> <span class='ocrx_word' id='word_1_8' title='bbox 767 342 798 412; x_wconf 92' lang='grc' dir='ltr'><strong><em>τ’</em></strong></span> <span class='ocrx_word' id='word_1_9' title='bbox 815 351 863 413; x_wconf 87' lang='grc' dir='ltr'><strong><em>έτι</em></strong></span> <span class='ocrx_word' id='word_1_10' title='bbox 877 344 961 432; x_wconf 79' lang='grc' dir='ltr'><strong><em>πρὸς</em></strong></span> <span class='ocrx_word' id='word_1_11' title='bbox 980 344 1132 414; x_wconf 83' lang='grc' dir='ltr'><strong><em>τούτοισι</em></strong></span> 
     </span>
     <span class='ocr_line' id='line_1_3' title="bbox 122 443 1132 534; baseline -0.002 -20"><span class='ocrx_word' id='word_1_12' title='bbox 122 448 241 516; x_wconf 81' lang='grc' dir='ltr'><strong><em>πολλοὶ</em></strong></span> <span class='ocrx_word' id='word_1_13' title='bbox 252 444 316 534; x_wconf 80' lang='grc' dir='ltr'><strong><em>ἤδη</em></strong></span> <span class='ocrx_word' id='word_1_14' title='bbox 331 450 399 514; x_wconf 75' lang='grc' dir='ltr'><strong><em>τῶν</em></strong></span> <span class='ocrx_word' id='word_1_15' title='bbox 418 443 612 532; x_wconf 74' lang='grc' dir='ltr'><strong><em>μελλόντων</em></strong></span> <span class='ocrx_word' id='word_1_16' title='bbox 632 444 762 511; x_wconf 89' lang='grc' dir='ltr'><strong><em>τούτων</em></strong></span> <span class='ocrx_word' id='word_1_17' title='bbox 775 444 948 513; x_wconf 78' lang='grc' dir='ltr'><strong><em>θύσεσθαι</em></strong></span> <span class='ocrx_word' id='word_1_18' title='bbox 961 448 1132 524; x_wconf 88' lang='grc' dir='ltr'><strong><em>δείσαντες</em></strong></span> 
     </span>
     <span class='ocr_line' id='line_1_4' title="bbox 123 539 1133 632; baseline -0.005 -19"><span class='ocrx_word' id='word_1_19' title='bbox 123 555 255 632; x_wconf 88' lang='grc' dir='ltr'><strong><em>οίχοντο</em></strong></span> <span class='ocrx_word' id='word_1_20' title='bbox 270 542 477 632; x_wconf 73' lang='grc' dir='ltr'><em>ἀποδράντες</em></span> <span class='ocrx_word' id='word_1_21' title='bbox 491 544 524 622; x_wconf 89' lang='grc' dir='ltr'><strong><em>ές</em></strong></span> <span class='ocrx_word' id='word_1_22' title='bbox 535 539 641 627; x_wconf 84' lang='grc' dir='ltr'><strong><em>άλλην</em></strong></span> <span class='ocrx_word' id='word_1_23' title='bbox 651 541 783 629; x_wconf 81' lang='grc' dir='ltr'><strong><em>χάρην,</em></strong></span> <span class='ocrx_word' id='word_1_24' title='bbox 797 540 924 629; x_wconf 91' lang='grc' dir='ltr'><strong><em>χρόνου</em></strong></span> <span class='ocrx_word' id='word_1_25' title='bbox 938 541 975 608; x_wconf 69' lang='grc' dir='ltr'><strong><em>δὲ</em></strong></span> <span class='ocrx_word' id='word_1_26' title='bbox 988 541 1133 624; x_wconf 76' lang='grc' dir='ltr'><strong><em>προιόν-</em></strong></span> 
     </span>
     <span class='ocr_line' id='line_1_5' title="bbox 123 634 1132 725; baseline -0.001 -18"><span class='ocrx_word' id='word_1_27' title='bbox 123 666 179 719; x_wconf 91' lang='grc' dir='ltr'><strong><em>τος</em></strong></span> <span class='ocrx_word' id='word_1_28' title='bbox 194 639 300 709; x_wconf 80' lang='grc' dir='ltr'><strong><em>ὀπίσω</em></strong></span> <span class='ocrx_word' id='word_1_29' title='bbox 314 640 537 718; x_wconf 76' lang='grc' dir='ltr'><strong><em>κατελθόντες</em></strong></span> <span class='ocrx_word' id='word_1_30' title='bbox 551 634 597 725; x_wconf 78' lang='grc' dir='ltr'><strong><em>ἢν</em></strong></span> <span class='ocrx_word' id='word_1_31' title='bbox 612 635 815 706; x_wconf 83' lang='grc' dir='ltr'><strong><em>ἁλίσκωνται</em></strong></span> <span class='ocrx_word' id='word_1_32' title='bbox 834 638 1031 715; x_wconf 77' lang='grc' dir='ltr'><strong><em>ἐσελθόντες</em></strong></span> <span class='ocrx_word' id='word_1_33' title='bbox 1045 639 1079 716; x_wconf 90' lang='grc' dir='ltr'><strong><em>ές</em></strong></span> <span class='ocrx_word' id='word_1_34' title='bbox 1094 637 1132 706; x_wconf 81' lang='grc' dir='ltr'><strong><em>τό</em></strong></span> 
     </span>
     <span class='ocr_line' id='line_1_6' title="bbox 123 735 1133 826; baseline -0.002 -20"><span class='ocrx_word' id='word_1_35' title='bbox 123 738 349 826; x_wconf 79' lang='grc' dir='ltr'><strong><em>πρυτανήιον,</em></strong></span> <span class='ocrx_word' id='word_1_36' title='bbox 368 736 413 817; x_wconf 81' lang='grc' dir='ltr'><strong><em>ὡς</em></strong></span> <span class='ocrx_word' id='word_1_37' title='bbox 426 736 552 806; x_wconf 89' lang='grc' dir='ltr'><strong><em>θύεταί</em></strong></span> <span class='ocrx_word' id='word_1_38' title='bbox 564 763 601 805; x_wconf 91' lang='grc' dir='ltr'><strong><em>τε</em></strong></span> <span class='ocrx_word' id='word_1_39' title='bbox 626 735 782 821; x_wconf 77' lang='grc' dir='ltr'><strong><em>έξηγοντο</em></strong></span> <span class='ocrx_word' id='word_1_40' title='bbox 808 741 968 824; x_wconf 86' lang='grc' dir='ltr'><strong><em>στέμμασι</em></strong></span> <span class='ocrx_word' id='word_1_41' title='bbox 984 744 1051 816; x_wconf 83' lang='grc' dir='ltr'><strong><em>πᾶς</em></strong></span> <span class='ocrx_word' id='word_1_42' title='bbox 1065 762 1133 805; x_wconf 89' lang='grc' dir='ltr'><strong><em>πυ-</em></strong></span> 
     </span>
     <span class='ocr_line' id='line_1_7' title="bbox 123 830 1134 924; baseline 0 -22"><span class='ocrx_word' id='word_1_43' title='bbox 123 836 262 913; x_wconf 81' lang='grc' dir='ltr'><strong><em>κασθείς</em></strong></span> <span class='ocrx_word' id='word_1_44' title='bbox 278 837 334 902; x_wconf 83' lang='grc' dir='ltr'><strong><em>καὶ</em></strong></span> <span class='ocrx_word' id='word_1_45' title='bbox 348 830 393 914; x_wconf 79' lang='grc' dir='ltr'><strong><em>ὥς</em></strong></span> <span class='ocrx_word' id='word_1_46' title='bbox 407 832 473 903; x_wconf 80' lang='grc' dir='ltr'><strong><em>σύν</em></strong></span> <span class='ocrx_word' id='word_1_47' title='bbox 489 840 605 924; x_wconf 79' lang='grc' dir='ltr'><strong><em>πομπῇ</em></strong></span> <span class='ocrx_word' id='word_1_48' title='bbox 619 835 777 920; x_wconf 75' lang='grc' dir='ltr'><strong><em>ἐξαχθείς.</em></strong></span> <span class='ocrx_word' id='word_1_49' title='bbox 800 839 904 902; x_wconf 81' lang='grc' dir='ltr'><strong><em>ταῦτα</em></strong></span> <span class='ocrx_word' id='word_1_50' title='bbox 915 835 951 901; x_wconf 72' lang='grc' dir='ltr'><strong><em>δὲ</em></strong></span> <span class='ocrx_word' id='word_1_51' title='bbox 965 834 1134 921; x_wconf 85' lang='grc' dir='ltr'><strong><em>πάσχουσι</em></strong></span> 
     </span>
     <span class='ocr_line' id='line_1_8' title="bbox 124 928 1135 1020; baseline 0.002 -21"><span class='ocrx_word' id='word_1_52' title='bbox 124 935 159 999; x_wconf 92' lang='grc' dir='ltr'><strong><em>οί</em></strong></span> <span class='ocrx_word' id='word_1_53' title='bbox 170 931 393 1020; x_wconf 76' lang='grc' dir='ltr'><strong><em>Κυτισσώρου</em></strong></span> <span class='ocrx_word' id='word_1_54' title='bbox 407 938 469 1000; x_wconf 87' lang='grc' dir='ltr'><strong><em>τοῦ</em></strong></span> <span class='ocrx_word' id='word_1_55' title='bbox 484 936 611 1018; x_wconf 79' lang='grc' dir='ltr'><strong><em>Φρίξου</em></strong></span> <span class='ocrx_word' id='word_1_56' title='bbox 630 929 751 1010; x_wconf 83' lang='grc' dir='ltr'><strong><em>παιδὸς</em></strong></span> <span class='ocrx_word' id='word_1_57' title='bbox 767 928 947 1018; x_wconf 80' lang='grc' dir='ltr'><strong><em>ἀπόγονοι,</em></strong></span> <span class='ocrx_word' id='word_1_58' title='bbox 969 933 1055 1000; x_wconf 90' lang='grc' dir='ltr'><strong><em>διότι</em></strong></span> <span class='ocrx_word' id='word_1_59' title='bbox 1070 960 1135 1001; x_wconf 92' lang='grc' dir='ltr'><strong><em>κα-</em></strong></span> 
     </span>
     <span class='ocr_line' id='line_1_9' title="bbox 123 1025 1135 1118; baseline 0.003 -22"><span class='ocrx_word' id='word_1_60' title='bbox 123 1025 260 1115; x_wconf 84' lang='grc' dir='ltr'><strong><em>θαρμόν</em></strong></span> <span class='ocrx_word' id='word_1_61' title='bbox 281 1034 338 1115; x_wconf 80' lang='grc' dir='ltr'><strong><em>τῆς</em></strong></span> <span class='ocrx_word' id='word_1_62' title='bbox 354 1027 463 1117; x_wconf 84' lang='grc' dir='ltr'><strong><em>χύρης</em></strong></span> <span class='ocrx_word' id='word_1_63' title='bbox 481 1033 692 1116; x_wconf 81' lang='grc' dir='ltr'><strong><em>ποιευμένων</em></strong></span> <span class='ocrx_word' id='word_1_64' title='bbox 709 1027 849 1116; x_wconf 82' lang='grc' dir='ltr'><strong><em>Ἀχαιῶν</em></strong></span> <span class='ocrx_word' id='word_1_65' title='bbox 864 1031 901 1098; x_wconf 81' lang='grc' dir='ltr'><strong><em>ἐκ</em></strong></span> <span class='ocrx_word' id='word_1_66' title='bbox 920 1037 1135 1118; x_wconf 77' lang='grc' dir='ltr'><strong><em>θεοπροπίου</em></strong></span> 
     </span>
     <span class='ocr_line' id='line_1_10' title="bbox 119 1125 1135 1215; baseline 0.002 -21"><span class='ocrx_word' id='word_1_67' title='bbox 119 1125 314 1213; x_wconf 74' lang='grc' dir='ltr'><strong><em>Ἀθάμαντα</em></strong></span> <span class='ocrx_word' id='word_1_68' title='bbox 329 1125 390 1196; x_wconf 82' lang='grc' dir='ltr'><strong><em>τόν</em></strong></span> <span class='ocrx_word' id='word_1_69' title='bbox 403 1129 533 1198; x_wconf 81' lang='grc' dir='ltr'><strong><em>Αἰόλου</em></strong></span> <span class='ocrx_word' id='word_1_70' title='bbox 546 1129 601 1196; x_wconf 77' lang='grc' dir='ltr'><strong><em>καὶ</em></strong></span> <span class='ocrx_word' id='word_1_71' title='bbox 614 1127 807 1215; x_wconf 81' lang='grc' dir='ltr'><strong><em>μελλόντων</em></strong></span> <span class='ocrx_word' id='word_1_72' title='bbox 820 1154 879 1215; x_wconf 92' lang='grc' dir='ltr'><strong><em>μιν</em></strong></span> <span class='ocrx_word' id='word_1_73' title='bbox 893 1126 996 1196; x_wconf 84' lang='grc' dir='ltr'><strong><em>θύειν</em></strong></span> <span class='ocrx_word' id='word_1_74' title='bbox 1011 1125 1135 1196; x_wconf 90' lang='grc' dir='ltr'><strong><em>άπικό-</em></strong></span> 
     </span>
     <span class='ocr_line' id='line_1_11' title="bbox 123 1217 1133 1314; baseline 0.004 -23"><span class='ocrx_word' id='word_1_75' title='bbox 123 1249 224 1311; x_wconf 88' lang='grc' dir='ltr'><strong><em>μενος</em></strong></span> <span class='ocrx_word' id='word_1_76' title='bbox 240 1217 338 1304; x_wconf 81' lang='grc' dir='ltr'><strong><em>οὗτος</em></strong></span> <span class='ocrx_word' id='word_1_77' title='bbox 358 1221 377 1294; x_wconf 85' lang='grc' dir='ltr'>ὁ</span> <span class='ocrx_word' id='word_1_78' title='bbox 392 1233 608 1314; x_wconf 80' lang='grc' dir='ltr'><strong><em>Κυτίσσωρος</em></strong></span> <span class='ocrx_word' id='word_1_79' title='bbox 632 1228 665 1306; x_wconf 81' lang='grc' dir='ltr'><strong><em>ἐξ</em></strong></span> <span class='ocrx_word' id='word_1_80' title='bbox 678 1235 765 1313; x_wconf 85' lang='grc' dir='ltr'><strong><em>Λίης</em></strong></span> <span class='ocrx_word' id='word_1_81' title='bbox 780 1232 839 1312; x_wconf 82' lang='grc' dir='ltr'><strong><em>τῆς</em></strong></span> <span class='ocrx_word' id='word_1_82' title='bbox 852 1231 1015 1313; x_wconf 76' lang='grc' dir='ltr'><strong><em>Κολχίδος</em></strong></span> <span class='ocrx_word' id='word_1_83' title='bbox 1029 1226 1133 1314; x_wconf 81' lang='grc' dir='ltr'><strong><em>ἐρρύ-</em></strong></span> 
     </span>
     <span class='ocr_line' id='line_1_12' title="bbox 123 1322 1132 1416; baseline 0 -26"><span class='ocrx_word' id='word_1_84' title='bbox 123 1341 222 1410; x_wconf 89' lang='grc' dir='ltr'><strong><em>σατο,</em></strong></span> <span class='ocrx_word' id='word_1_85' title='bbox 239 1322 381 1412; x_wconf 84' lang='grc' dir='ltr'><strong><em>ποιήσας</em></strong></span> <span class='ocrx_word' id='word_1_86' title='bbox 401 1325 438 1393; x_wconf 72' lang='grc' dir='ltr'><strong><em>δέ</em></strong></span> <span class='ocrx_word' id='word_1_87' title='bbox 456 1330 555 1393; x_wconf 83' lang='grc' dir='ltr'><strong><em>τοῦτο</em></strong></span> <span class='ocrx_word' id='word_1_88' title='bbox 569 1338 654 1391; x_wconf 81' lang='grc' dir='ltr'><strong><em>τοῖσι</em></strong></span> <span class='ocrx_word' id='word_1_89' title='bbox 671 1325 938 1416; x_wconf 75' lang='grc' dir='ltr'><strong><em>ἐπιγενομένοισι</em></strong></span> <span class='ocrx_word' id='word_1_90' title='bbox 952 1326 986 1404; x_wconf 79' lang='grc' dir='ltr'><strong><em>ἐξ</em></strong></span> <span class='ocrx_word' id='word_1_91' title='bbox 1002 1327 1132 1391; x_wconf 83' lang='grc' dir='ltr'><strong><em>ἑωυτοῦ</em></strong></span> 
     </span>
     <span class='ocr_line' id='line_1_13' title="bbox 123 1417 1132 1510; baseline -0.002 -21"><span class='ocrx_word' id='word_1_92' title='bbox 123 1428 227 1508; x_wconf 89' lang='grc' dir='ltr'><strong><em>μῆνιν</em></strong></span> <span class='ocrx_word' id='word_1_93' title='bbox 240 1429 302 1490; x_wconf 83' lang='grc' dir='ltr'><strong><em>τοῦ</em></strong></span> <span class='ocrx_word' id='word_1_94' title='bbox 321 1429 409 1491; x_wconf 82' lang='grc' dir='ltr'><strong><em>θεοῦ</em></strong></span> <span class='ocrx_word' id='word_1_95' title='bbox 430 1423 574 1510; x_wconf 80' lang='grc' dir='ltr'><strong><em>ἐνέβαλε.</em></strong></span> <span class='ocrx_word' id='word_1_96' title='bbox 606 1423 729 1508; x_wconf 71' lang='grc' dir='ltr'><strong><em>Ξέρξης</em></strong></span> <span class='ocrx_word' id='word_1_97' title='bbox 743 1423 780 1489; x_wconf 69' lang='grc' dir='ltr'><strong><em>δὲ</em></strong></span> <span class='ocrx_word' id='word_1_98' title='bbox 800 1427 905 1488; x_wconf 82' lang='grc' dir='ltr'><strong><em>ταῦτα</em></strong></span> <span class='ocrx_word' id='word_1_99' title='bbox 924 1417 1073 1499; x_wconf 74' lang='grc' dir='ltr'><strong><em>οἰκούσας</em></strong></span> <span class='ocrx_word' id='word_1_100' title='bbox 1088 1419 1132 1499; x_wconf 82' lang='grc' dir='ltr'><strong><em>ὡς</em></strong></span> 
     </span>
     <span class='ocr_line' id='line_1_14' title="bbox 123 1513 1131 1607; baseline -0.004 -17"><span class='ocrx_word' id='word_1_101' title='bbox 123 1519 207 1590; x_wconf 80' lang='grc' dir='ltr'><strong><em>κατά</em></strong></span> <span class='ocrx_word' id='word_1_102' title='bbox 227 1521 265 1590; x_wconf 84' lang='grc' dir='ltr'><strong><em>τό</em></strong></span> <span class='ocrx_word' id='word_1_103' title='bbox 288 1520 389 1601; x_wconf 84' lang='grc' dir='ltr'><strong><em>άλσος</em></strong></span> <span class='ocrx_word' id='word_1_104' title='bbox 409 1524 557 1607; x_wconf 81' lang='grc' dir='ltr'><strong><em>ἐγένετο,</em></strong></span> <span class='ocrx_word' id='word_1_105' title='bbox 579 1516 680 1598; x_wconf 86' lang='grc' dir='ltr'><strong><em>αύτός</em></strong></span> <span class='ocrx_word' id='word_1_106' title='bbox 699 1545 735 1587; x_wconf 92' lang='grc' dir='ltr'><strong><em>τε</em></strong></span> <span class='ocrx_word' id='word_1_107' title='bbox 755 1524 870 1605; x_wconf 76' lang='grc' dir='ltr'><strong><em>ἔργετο</em></strong></span> <span class='ocrx_word' id='word_1_108' title='bbox 889 1513 995 1585; x_wconf 79' lang='grc' dir='ltr'><strong><em>αὐτοῦ</em></strong></span> <span class='ocrx_word' id='word_1_109' title='bbox 1012 1522 1069 1586; x_wconf 81' lang='grc' dir='ltr'><strong><em>καὶ</em></strong></span> <span class='ocrx_word' id='word_1_110' title='bbox 1092 1529 1131 1606; x_wconf 82' lang='grc' dir='ltr'><strong><em>τῇ</em></strong></span> 
     </span>
     <span class='ocr_line' id='line_1_15' title="bbox 125 1613 1132 1711; baseline -0.001 -22"><span class='ocrx_word' id='word_1_111' title='bbox 125 1627 261 1711; x_wconf 80' lang='grc' dir='ltr'><strong><em>στρατιῇ</em></strong></span> <span class='ocrx_word' id='word_1_112' title='bbox 274 1620 365 1710; x_wconf 89' lang='grc' dir='ltr'><strong><em>πάση</em></strong></span> <span class='ocrx_word' id='word_1_113' title='bbox 377 1620 590 1709; x_wconf 82' lang='grc' dir='ltr'><strong><em>παρήγγειλε,</em></strong></span> <span class='ocrx_word' id='word_1_114' title='bbox 605 1625 674 1687; x_wconf 76' lang='grc' dir='ltr'><strong><em>τῶν</em></strong></span> <span class='ocrx_word' id='word_1_115' title='bbox 684 1645 720 1687; x_wconf 85' lang='grc' dir='ltr'><strong><em>τε</em></strong></span> <span class='ocrx_word' id='word_1_116' title='bbox 731 1617 941 1705; x_wconf 78' lang='grc' dir='ltr'><strong><em>Ἀθάμαντος</em></strong></span> <span class='ocrx_word' id='word_1_117' title='bbox 950 1613 1132 1704; x_wconf 85' lang='grc' dir='ltr'><strong><em>άπογόνων</em></strong></span> 
     </span>
     <span class='ocr_line' id='line_1_16' title="bbox 123 1714 878 1806; baseline -0.004 -20"><span class='ocrx_word' id='word_1_118' title='bbox 123 1716 186 1805; x_wconf 79' lang='grc' dir='ltr'><strong><em>την</em></strong></span> <span class='ocrx_word' id='word_1_119' title='bbox 201 1723 311 1805; x_wconf 88' lang='grc' dir='ltr'><strong><em>οίκίην</em></strong></span> <span class='ocrx_word' id='word_1_120' title='bbox 326 1714 449 1806; x_wconf 87' lang='grc' dir='ltr'><strong><em>ὁμοίως</em></strong></span> <span class='ocrx_word' id='word_1_121' title='bbox 463 1721 519 1788; x_wconf 79' lang='grc' dir='ltr'><strong><em>καὶ</em></strong></span> <span class='ocrx_word' id='word_1_122' title='bbox 534 1716 572 1787; x_wconf 83' lang='grc' dir='ltr'><strong><em>τὰ</em></strong></span> <span class='ocrx_word' id='word_1_123' title='bbox 588 1722 723 1804; x_wconf 88' lang='grc' dir='ltr'><strong><em>τέμενος</em></strong></span> <span class='ocrx_word' id='word_1_124' title='bbox 737 1719 878 1804; x_wconf 77' lang='grc' dir='ltr'><strong><em>ἐσέβετο.</em></strong></span> 
     </span>
    </p>

    <p class='ocr_par' dir='ltr' id='par_1_3' title="bbox 62 1811 1139 3079">
     <span class='ocr_line' id='line_1_17' title="bbox 62 1811 1132 1905; baseline 0.001 -22"><span class='ocrx_word' id='word_1_125' title='bbox 62 1827 114 1884; x_wconf 77' lang='lat'><strong><em>198</em></strong></span> <span class='ocrx_word' id='word_1_126' title='bbox 213 1822 325 1885; x_wconf 81' lang='grc' dir='ltr'><strong><em>Ταῦτα</em></strong></span> <span class='ocrx_word' id='word_1_127' title='bbox 341 1817 404 1905; x_wconf 73' lang='grc' dir='ltr'><strong><em>μὲν</em></strong></span> <span class='ocrx_word' id='word_1_128' title='bbox 424 1815 465 1885; x_wconf 84' lang='grc' dir='ltr'><strong><em>τά</em></strong></span> <span class='ocrx_word' id='word_1_129' title='bbox 480 1820 518 1886; x_wconf 85' lang='grc' dir='ltr'><strong><em>έν</em></strong></span> <span class='ocrx_word' id='word_1_130' title='bbox 532 1822 697 1905; x_wconf 81' lang='grc' dir='ltr'><strong><em>Θεσσαλίη</em></strong></span> <span class='ocrx_word' id='word_1_131' title='bbox 717 1819 773 1884; x_wconf 77' lang='grc' dir='ltr'><strong><em>καὶ</em></strong></span> <span class='ocrx_word' id='word_1_132' title='bbox 793 1811 834 1883; x_wconf 79' lang='grc' dir='ltr'><strong><em>τά</em></strong></span> <span class='ocrx_word' id='word_1_133' title='bbox 850 1816 888 1882; x_wconf 81' lang='grc' dir='ltr'><strong><em>ἐν</em></strong></span> <span class='ocrx_word' id='word_1_134' title='bbox 903 1811 1046 1904; x_wconf 88' lang='grc' dir='ltr'><strong><em>Ἀχαιίη,</em></strong></span> <span class='ocrx_word' id='word_1_135' title='bbox 1067 1814 1132 1886; x_wconf 84' lang='grc' dir='ltr'><strong><em>άπὸ</em></strong></span> 
     </span>
     <span class='ocr_line' id='line_1_18' title="bbox 126 1910 1134 2007; baseline 0.002 -27"><span class='ocrx_word' id='word_1_136' title='bbox 126 1914 163 1981; x_wconf 68' lang='grc' dir='ltr'><strong><em>δὲ</em></strong></span> <span class='ocrx_word' id='word_1_137' title='bbox 176 1914 307 1982; x_wconf 89' lang='grc' dir='ltr'><strong><em>τούτων</em></strong></span> <span class='ocrx_word' id='word_1_138' title='bbox 322 1922 390 1984; x_wconf 78' lang='grc' dir='ltr'><strong><em>τῶν</em></strong></span> <span class='ocrx_word' id='word_1_139' title='bbox 410 1915 530 2004; x_wconf 70' lang='grc' dir='ltr'><strong><em>χοίρων</em></strong></span> <span class='ocrx_word' id='word_1_140' title='bbox 543 1914 596 2002; x_wconf 79' lang='grc' dir='ltr'><strong><em>ἤιε</em></strong></span> <span class='ocrx_word' id='word_1_141' title='bbox 617 1918 650 1993; x_wconf 90' lang='grc' dir='ltr'><strong><em>ές</em></strong></span> <span class='ocrx_word' id='word_1_142' title='bbox 662 1910 724 1999; x_wconf 77' lang='grc' dir='ltr'><strong><em>τὴν</em></strong></span> <span class='ocrx_word' id='word_1_143' title='bbox 739 1911 987 2007; x_wconf 81' lang='grc' dir='ltr'><strong><em>Μηλίδαπαρά</em></strong></span> <span class='ocrx_word' id='word_1_144' title='bbox 1004 1915 1134 1985; x_wconf 87' lang='grc' dir='ltr'><strong><em>κόλπον</em></strong></span> 
     </span>
     <span class='ocr_line' id='line_1_19' title="bbox 125 2007 1135 2104; baseline 0.005 -25"><span class='ocrx_word' id='word_1_145' title='bbox 125 2010 315 2100; x_wconf 79' lang='grc' dir='ltr'><strong><em>θαλάσσης,</em></strong></span> <span class='ocrx_word' id='word_1_146' title='bbox 332 2014 369 2081; x_wconf 82' lang='grc' dir='ltr'><strong><em>έν</em></strong></span> <span class='ocrx_word' id='word_1_147' title='bbox 382 2020 429 2104; x_wconf 80' lang='grc' dir='ltr'><strong><em>τῷ</em></strong></span> <span class='ocrx_word' id='word_1_148' title='bbox 443 2011 591 2099; x_wconf 86' lang='grc' dir='ltr'><strong><em>άμπωτίς</em></strong></span> <span class='ocrx_word' id='word_1_149' title='bbox 605 2038 641 2080; x_wconf 90' lang='grc' dir='ltr'><strong><em>τε</em></strong></span> <span class='ocrx_word' id='word_1_150' title='bbox 659 2015 712 2079; x_wconf 79' lang='grc' dir='ltr'><strong><em>καλ</em></strong></span> <span class='ocrx_word' id='word_1_151' title='bbox 729 2013 824 2099; x_wconf 74' lang='grc' dir='ltr'><strong><em>ῥηχίη</em></strong></span> <span class='ocrx_word' id='word_1_152' title='bbox 841 2007 907 2079; x_wconf 81' lang='grc' dir='ltr'><strong><em>άνᾶ</em></strong></span> <span class='ocrx_word' id='word_1_153' title='bbox 921 2019 1035 2082; x_wconf 81' lang='grc' dir='ltr'><strong><em>πᾶσαν</em></strong></span> <span class='ocrx_word' id='word_1_154' title='bbox 1052 2011 1135 2102; x_wconf 84' lang='grc' dir='ltr'><strong><em>ἡμέ-</em></strong></span> 
     </span>
     <span class='ocr_line' id='line_1_20' title="bbox 127 2108 1129 2196; baseline 0.005 -21"><span class='ocrx_word' id='word_1_155' title='bbox 127 2134 192 2196; x_wconf 89' lang='grc' dir='ltr'><strong><em>ρην</em></strong></span> <span class='ocrx_word' id='word_1_156' title='bbox 206 2116 342 2196; x_wconf 89' lang='grc' dir='ltr'><strong><em>γίνεται.</em></strong></span> <span class='ocrx_word' id='word_1_157' title='bbox 365 2115 442 2196; x_wconf 79' lang='grc' dir='ltr'><strong><em>περὶ</em></strong></span> <span class='ocrx_word' id='word_1_158' title='bbox 459 2111 495 2178; x_wconf 78' lang='grc' dir='ltr'><strong><em>δέ</em></strong></span> <span class='ocrx_word' id='word_1_159' title='bbox 508 2108 569 2178; x_wconf 86' lang='grc' dir='ltr'><strong><em>τόν</em></strong></span> <span class='ocrx_word' id='word_1_160' title='bbox 586 2109 714 2178; x_wconf 88' lang='grc' dir='ltr'><strong><em>κόλπον</em></strong></span> <span class='ocrx_word' id='word_1_161' title='bbox 727 2109 849 2177; x_wconf 82' lang='grc' dir='ltr'><strong><em>τοῦτόν</em></strong></span> <span class='ocrx_word' id='word_1_162' title='bbox 869 2110 937 2176; x_wconf 81' lang='grc' dir='ltr'><strong><em>ἐστι</em></strong></span> <span class='ocrx_word' id='word_1_163' title='bbox 950 2117 1060 2196; x_wconf 80' lang='grc' dir='ltr'><strong><em>χῶρος</em></strong></span> <span class='ocrx_word' id='word_1_164' title='bbox 1075 2137 1129 2180; x_wconf 87' lang='grc' dir='ltr'><strong><em>πε-</em></strong></span> 
     </span>
     <span class='ocr_line' id='line_1_21' title="bbox 127 2205 1134 2296; baseline 0.002 -22"><span class='ocrx_word' id='word_1_165' title='bbox 127 2209 236 2294; x_wconf 85' lang='grc' dir='ltr'><strong><em>δινός,</em></strong></span> <span class='ocrx_word' id='word_1_166' title='bbox 257 2215 297 2296; x_wconf 77' lang='grc' dir='ltr'><strong><em>τῇ</em></strong></span> <span class='ocrx_word' id='word_1_167' title='bbox 311 2207 374 2294; x_wconf 74' lang='grc' dir='ltr'><strong><em>μέν</em></strong></span> <span class='ocrx_word' id='word_1_168' title='bbox 388 2205 506 2293; x_wconf 84' lang='grc' dir='ltr'><strong><em>εύρδς,</em></strong></span> <span class='ocrx_word' id='word_1_169' title='bbox 528 2215 567 2296; x_wconf 79' lang='grc' dir='ltr'><strong><em>τῇ</em></strong></span> <span class='ocrx_word' id='word_1_170' title='bbox 582 2208 619 2276; x_wconf 70' lang='grc' dir='ltr'><strong><em>δὲ</em></strong></span> <span class='ocrx_word' id='word_1_171' title='bbox 640 2209 695 2276; x_wconf 79' lang='grc' dir='ltr'><strong><em>καί</em></strong></span> <span class='ocrx_word' id='word_1_172' title='bbox 712 2205 818 2294; x_wconf 91' lang='grc' dir='ltr'><strong><em>κάρτα</em></strong></span> <span class='ocrx_word' id='word_1_173' title='bbox 833 2207 970 2287; x_wconf 88' lang='grc' dir='ltr'><strong><em>στεινός.</em></strong></span> <span class='ocrx_word' id='word_1_174' title='bbox 1000 2213 1079 2293; x_wconf 81' lang='grc' dir='ltr'><strong><em>περὶ</em></strong></span> <span class='ocrx_word' id='word_1_175' title='bbox 1100 2209 1134 2276; x_wconf 74' lang='grc' dir='ltr'><strong><em>δὲ</em></strong></span> 
     </span>
     <span class='ocr_line' id='line_1_22' title="bbox 125 2303 1134 2394; baseline 0.001 -20"><span class='ocrx_word' id='word_1_176' title='bbox 125 2304 187 2375; x_wconf 85' lang='grc' dir='ltr'><strong><em>τόν</em></strong></span> <span class='ocrx_word' id='word_1_177' title='bbox 200 2312 312 2393; x_wconf 80' lang='grc' dir='ltr'><strong><em>χῶρον</em></strong></span> <span class='ocrx_word' id='word_1_178' title='bbox 323 2304 426 2391; x_wconf 80' lang='grc' dir='ltr'><strong><em>οὔρεα</em></strong></span> <span class='ocrx_word' id='word_1_179' title='bbox 437 2303 549 2392; x_wconf 73' lang='grc' dir='ltr'><strong><em>ὑψηλά</em></strong></span> <span class='ocrx_word' id='word_1_180' title='bbox 564 2309 619 2374; x_wconf 79' lang='grc' dir='ltr'><strong><em>καί</em></strong></span> <span class='ocrx_word' id='word_1_181' title='bbox 630 2303 737 2393; x_wconf 82' lang='grc' dir='ltr'><strong><em>άβατα</em></strong></span> <span class='ocrx_word' id='word_1_182' title='bbox 747 2312 931 2391; x_wconf 87' lang='grc' dir='ltr'><strong><em>περικληίει</em></strong></span> <span class='ocrx_word' id='word_1_183' title='bbox 944 2314 1060 2376; x_wconf 81' lang='grc' dir='ltr'><strong><em>πᾶσαν</em></strong></span> <span class='ocrx_word' id='word_1_184' title='bbox 1074 2307 1134 2394; x_wconf 82' lang='grc' dir='ltr'><strong><em>τὴν</em></strong></span> 
     </span>
     <span class='ocr_line' id='line_1_23' title="bbox 126 2403 1135 2494; baseline 0.002 -22"><span class='ocrx_word' id='word_1_185' title='bbox 126 2408 264 2488; x_wconf 89' lang='grc' dir='ltr'><strong><em>Μηλίδα</em></strong></span> <span class='ocrx_word' id='word_1_186' title='bbox 280 2410 360 2491; x_wconf 79' lang='grc' dir='ltr'><strong><em>γῆν,</em></strong></span> <span class='ocrx_word' id='word_1_187' title='bbox 379 2411 552 2491; x_wconf 90' lang='grc' dir='ltr'><strong><em>Τρηχίνιαι</em></strong></span> <span class='ocrx_word' id='word_1_188' title='bbox 568 2407 686 2488; x_wconf 84' lang='grc' dir='ltr'><strong><em>πέτραι</em></strong></span> <span class='ocrx_word' id='word_1_189' title='bbox 700 2403 909 2490; x_wconf 89' lang='grc' dir='ltr'><strong><em>καλεόμεναι.</em></strong></span> <span class='ocrx_word' id='word_1_190' title='bbox 940 2407 1058 2494; x_wconf 83' lang='grc' dir='ltr'><strong><em>πράτη</em></strong></span> <span class='ocrx_word' id='word_1_191' title='bbox 1073 2413 1135 2494; x_wconf 82' lang='grc' dir='ltr'><strong><em>μέν</em></strong></span> 
     </span>
     <span class='ocr_line' id='line_1_24' title="bbox 126 2498 1133 2595; baseline 0.003 -26"><span class='ocrx_word' id='word_1_192' title='bbox 126 2529 193 2570; x_wconf 92' lang='grc' dir='ltr'><strong><em>νυν</em></strong></span> <span class='ocrx_word' id='word_1_193' title='bbox 207 2501 303 2580; x_wconf 91' lang='grc' dir='ltr'><strong><em>πόλις</em></strong></span> <span class='ocrx_word' id='word_1_194' title='bbox 314 2503 380 2570; x_wconf 79' lang='grc' dir='ltr'><strong><em>ἐστί</em></strong></span> <span class='ocrx_word' id='word_1_195' title='bbox 391 2504 428 2569; x_wconf 89' lang='grc' dir='ltr'><strong><em>έν</em></strong></span> <span class='ocrx_word' id='word_1_196' title='bbox 438 2509 484 2595; x_wconf 73' lang='grc' dir='ltr'><strong><em>τρδ</em></strong></span> <span class='ocrx_word' id='word_1_197' title='bbox 496 2503 609 2593; x_wconf 79' lang='grc' dir='ltr'><strong><em>κόλπςο</em></strong></span> <span class='ocrx_word' id='word_1_198' title='bbox 621 2501 706 2570; x_wconf 82' lang='grc' dir='ltr'><strong><em>ἰόντι</em></strong></span> <span class='ocrx_word' id='word_1_199' title='bbox 717 2498 777 2568; x_wconf 75' lang='grc' dir='ltr'><strong><em>ἀπ’</em></strong></span> <span class='ocrx_word' id='word_1_200' title='bbox 790 2499 933 2588; x_wconf 92' lang='grc' dir='ltr'><strong><em>Ἀχαιίης</em></strong></span> <span class='ocrx_word' id='word_1_201' title='bbox 943 2500 1133 2591; x_wconf 87' lang='grc' dir='ltr'><strong><em>Ἀντικύρη,</em></strong></span> 
     </span>
     <span class='ocr_line' id='line_1_25' title="bbox 127 2597 1137 2688; baseline 0.001 -20"><span class='ocrx_word' id='word_1_202' title='bbox 127 2598 209 2687; x_wconf 86' lang='grc' dir='ltr'><strong><em>παρ’</em></strong></span> <span class='ocrx_word' id='word_1_203' title='bbox 225 2598 268 2686; x_wconf 75' lang='grc' dir='ltr'><strong><em>ἣν</em></strong></span> <span class='ocrx_word' id='word_1_204' title='bbox 279 2598 425 2687; x_wconf 81' lang='grc' dir='ltr'><strong><em>ποταμός</em></strong></span> <span class='ocrx_word' id='word_1_205' title='bbox 436 2597 619 2687; x_wconf 82' lang='grc' dir='ltr'><strong><em>Σπερχειὸς</em></strong></span> <span class='ocrx_word' id='word_1_206' title='bbox 629 2601 715 2688; x_wconf 73' lang='grc' dir='ltr'><strong><em>ῥέων</em></strong></span> <span class='ocrx_word' id='word_1_207' title='bbox 730 2601 763 2679; x_wconf 83' lang='grc' dir='ltr'><strong><em>ἐξ</em></strong></span> <span class='ocrx_word' id='word_1_208' title='bbox 781 2599 946 2686; x_wconf 81' lang='grc' dir='ltr'><strong><em>Ἐνιήνων</em></strong></span> <span class='ocrx_word' id='word_1_209' title='bbox 957 2602 990 2681; x_wconf 81' lang='grc' dir='ltr'><strong><em>ἐς</em></strong></span> <span class='ocrx_word' id='word_1_210' title='bbox 1001 2602 1137 2671; x_wconf 87' lang='grc' dir='ltr'><strong><em>θάλασ-</em></strong></span> 
     </span>
     <span class='ocr_line' id='line_1_26' title="bbox 130 2696 1137 2770; baseline 0 -1"><span class='ocrx_word' id='word_1_211' title='bbox 130 2723 195 2769; x_wconf 89' lang='grc' dir='ltr'><strong><em>σαν</em></strong></span> <span class='ocrx_word' id='word_1_212' title='bbox 208 2702 341 2768; x_wconf 83' lang='grc' dir='ltr'><strong><em>έκδιδοῑ.</em></strong></span> <span class='ocrx_word' id='word_1_213' title='bbox 365 2697 431 2768; x_wconf 84' lang='grc' dir='ltr'><strong><em>άπὸ</em></strong></span> <span class='ocrx_word' id='word_1_214' title='bbox 448 2702 484 2768; x_wconf 69' lang='grc' dir='ltr'><strong><em>δὲ</em></strong></span> <span class='ocrx_word' id='word_1_215' title='bbox 498 2699 621 2768; x_wconf 90' lang='grc' dir='ltr'><strong><em>τούτου</em></strong></span> <span class='ocrx_word' id='word_1_216' title='bbox 638 2696 693 2766; x_wconf 82' lang='grc' dir='ltr'><strong><em>διά</em></strong></span> <span class='ocrx_word' id='word_1_217' title='bbox 711 2704 818 2768; x_wconf 74' lang='grc' dir='ltr'><strong><em>εἴκοσί</em></strong></span> <span class='ocrx_word' id='word_1_218' title='bbox 831 2725 895 2767; x_wconf 93' lang='grc' dir='ltr'><strong><em>κου</em></strong></span> <span class='ocrx_word' id='word_1_219' title='bbox 911 2703 1058 2770; x_wconf 89' lang='grc' dir='ltr'><strong><em>σταδίων</em></strong></span> <span class='ocrx_word' id='word_1_220' title='bbox 1074 2698 1137 2769; x_wconf 86' lang='grc' dir='ltr'><strong><em>άλ-</em></strong></span> 
     </span>
     <span class='ocr_line' id='line_1_27' title="bbox 128 2793 1138 2889; baseline -0.004 -21"><span class='ocrx_word' id='word_1_221' title='bbox 128 2807 186 2876; x_wconf 92' lang='grc' dir='ltr'><strong><em>λος</em></strong></span> <span class='ocrx_word' id='word_1_222' title='bbox 199 2794 364 2885; x_wconf 85' lang='grc' dir='ltr'><strong><em>ποταμός,</em></strong></span> <span class='ocrx_word' id='word_1_223' title='bbox 383 2804 431 2889; x_wconf 76' lang='grc' dir='ltr'><strong><em>τῷ</em></strong></span> <span class='ocrx_word' id='word_1_224' title='bbox 445 2796 575 2882; x_wconf 84' lang='grc' dir='ltr'><strong><em>ούνομα</em></strong></span> <span class='ocrx_word' id='word_1_225' title='bbox 591 2799 699 2865; x_wconf 88' lang='grc' dir='ltr'><strong><em>κεέται</em></strong></span> <span class='ocrx_word' id='word_1_226' title='bbox 712 2795 847 2884; x_wconf 82' lang='grc' dir='ltr'><strong><em>Δύρας,</em></strong></span> <span class='ocrx_word' id='word_1_227' title='bbox 868 2793 929 2864; x_wconf 84' lang='grc' dir='ltr'><strong><em>τόν</em></strong></span> <span class='ocrx_word' id='word_1_228' title='bbox 956 2801 1138 2883; x_wconf 84' lang='grc' dir='ltr'><strong><em>βωθέοντα</em></strong></span> 
     </span>
     <span class='ocr_line' id='line_1_28' title="bbox 128 2890 1139 2987; baseline -0.001 -23"><span class='ocrx_word' id='word_1_229' title='bbox 128 2900 174 2987; x_wconf 78' lang='grc' dir='ltr'><strong><em>τῷ</em></strong></span> <span class='ocrx_word' id='word_1_230' title='bbox 189 2891 348 2982; x_wconf 77' lang='grc' dir='ltr'><strong><em>Ἡρακλέι</em></strong></span> <span class='ocrx_word' id='word_1_231' title='bbox 365 2896 531 2987; x_wconf 76' lang='grc' dir='ltr'><strong><em>καιομένῳ</em></strong></span> <span class='ocrx_word' id='word_1_232' title='bbox 552 2893 651 2980; x_wconf 86' lang='grc' dir='ltr'><strong><em>λόγος</em></strong></span> <span class='ocrx_word' id='word_1_233' title='bbox 666 2896 733 2962; x_wconf 79' lang='grc' dir='ltr'><strong><em>ἐστὶ</em></strong></span> <span class='ocrx_word' id='word_1_234' title='bbox 752 2890 975 2982; x_wconf 78' lang='grc' dir='ltr'><strong><em>ἀναφανῆναι.</em></strong></span> <span class='ocrx_word' id='word_1_235' title='bbox 1009 2891 1078 2962; x_wconf 87' lang='grc' dir='ltr'><strong><em>άπὸ</em></strong></span> <span class='ocrx_word' id='word_1_236' title='bbox 1101 2898 1139 2963; x_wconf 79' lang='grc' dir='ltr'><strong><em>δε</em></strong></span> 
     </span>
     <span class='ocr_line' id='line_1_29' title="bbox 127 2987 1139 3079; baseline 0.001 -20"><span class='ocrx_word' id='word_1_237' title='bbox 127 2988 251 3060; x_wconf 89' lang='grc' dir='ltr'><strong><em>τούτου</em></strong></span> <span class='ocrx_word' id='word_1_238' title='bbox 266 2987 311 3058; x_wconf 88' lang='grc' dir='ltr'><strong><em>δι’</em></strong></span> <span class='ocrx_word' id='word_1_239' title='bbox 328 2989 441 3061; x_wconf 78' lang='grc' dir='ltr'><strong><em>ἄλλων</em></strong></span> <span class='ocrx_word' id='word_1_240' title='bbox 452 2999 555 3060; x_wconf 86' lang='grc' dir='ltr'><strong><em>είκοσι</em></strong></span> <span class='ocrx_word' id='word_1_241' title='bbox 571 2996 715 3060; x_wconf 90' lang='grc' dir='ltr'><strong><em>σταδίων</em></strong></span> <span class='ocrx_word' id='word_1_242' title='bbox 728 2989 828 3071; x_wconf 80' lang='grc' dir='ltr'><strong><em>ἄλλος</em></strong></span> <span class='ocrx_word' id='word_1_243' title='bbox 842 2991 989 3076; x_wconf 87' lang='grc' dir='ltr'><strong><em>ποταμός</em></strong></span> <span class='ocrx_word' id='word_1_244' title='bbox 1004 2993 1086 3079; x_wconf 81' lang='grc' dir='ltr'><strong><em>ἐστι,</em></strong></span> <span class='ocrx_word' id='word_1_245' title='bbox 1102 2990 1139 3071; x_wconf 80' lang='grc' dir='ltr'><strong><em>ὃς</em></strong></span> 
     </span>
    </p>

    <p class='ocr_par' dir='ltr' id='par_1_4' title="bbox 67 3089 1141 3476">
     <span class='ocr_line' id='line_1_30' title="bbox 67 3089 1139 3179; baseline -0.001 -17"><span class='ocrx_word' id='word_1_246' title='bbox 67 3103 116 3162; x_wconf 74' lang='grc'><strong><em>199</em></strong></span> <span class='ocrx_word' id='word_1_247' title='bbox 128 3094 279 3163; x_wconf 88' lang='grc' dir='ltr'><strong><em>καλέεται</em></strong></span> <span class='ocrx_word' id='word_1_248' title='bbox 293 3094 418 3172; x_wconf 85' lang='grc' dir='ltr'><strong><em>Μέλας.</em></strong></span> <span class='ocrx_word' id='word_1_249' title='bbox 446 3094 565 3179; x_wconf 77' lang='grc' dir='ltr'><strong><em>Τρηχὶς</em></strong></span> <span class='ocrx_word' id='word_1_250' title='bbox 576 3094 611 3160; x_wconf 74' lang='grc' dir='ltr'><strong><em>δὲ</em></strong></span> <span class='ocrx_word' id='word_1_251' title='bbox 624 3093 721 3171; x_wconf 87' lang='grc' dir='ltr'><strong><em>πόλις</em></strong></span> <span class='ocrx_word' id='word_1_252' title='bbox 731 3089 796 3160; x_wconf 82' lang='grc' dir='ltr'><strong><em>άπὸ</em></strong></span> <span class='ocrx_word' id='word_1_253' title='bbox 811 3098 873 3160; x_wconf 85' lang='grc' dir='ltr'><strong><em>τοῦ</em></strong></span> <span class='ocrx_word' id='word_1_254' title='bbox 884 3095 1045 3171; x_wconf 82' lang='grc' dir='ltr'><strong><em>Μέλανος</em></strong></span> <span class='ocrx_word' id='word_1_255' title='bbox 1056 3093 1139 3161; x_wconf 89' lang='grc' dir='ltr'><strong><em>τού-</em></strong></span> 
     </span>
     <span class='ocr_line' id='line_1_31' title="bbox 127 3189 1138 3280; baseline 0.003 -22"><span class='ocrx_word' id='word_1_256' title='bbox 127 3216 190 3259; x_wconf 93' lang='grc' dir='ltr'><strong><em>του</em></strong></span> <span class='ocrx_word' id='word_1_257' title='bbox 203 3195 357 3278; x_wconf 81' lang='grc' dir='ltr'><strong><em>ποταμοῦ</em></strong></span> <span class='ocrx_word' id='word_1_258' title='bbox 366 3195 466 3260; x_wconf 87' lang='grc' dir='ltr'><strong><em>πέντε</em></strong></span> <span class='ocrx_word' id='word_1_259' title='bbox 476 3190 594 3260; x_wconf 86' lang='grc' dir='ltr'><strong><em>στάδια</em></strong></span> <span class='ocrx_word' id='word_1_260' title='bbox 609 3189 730 3280; x_wconf 86' lang='grc' dir='ltr'><strong><em>άπέχει.</em></strong></span> <span class='ocrx_word' id='word_1_261' title='bbox 754 3191 858 3279; x_wconf 86' lang='grc' dir='ltr'><strong><em>ταύτη</em></strong></span> <span class='ocrx_word' id='word_1_262' title='bbox 868 3191 905 3259; x_wconf 74' lang='grc' dir='ltr'><strong><em>δὲ</em></strong></span> <span class='ocrx_word' id='word_1_263' title='bbox 918 3195 974 3261; x_wconf 84' lang='grc' dir='ltr'><strong><em>καλ</em></strong></span> <span class='ocrx_word' id='word_1_264' title='bbox 989 3189 1138 3280; x_wconf 80' lang='grc' dir='ltr'><strong><em>εὐρύτα-</em></strong></span> 
     </span>
     <span class='ocr_line' id='line_1_32' title="bbox 127 3285 1137 3377; baseline 0.004 -21"><span class='ocrx_word' id='word_1_265' title='bbox 127 3287 189 3356; x_wconf 90' lang='grc' dir='ltr'><strong><em>τόν</em></strong></span> <span class='ocrx_word' id='word_1_266' title='bbox 205 3288 273 3355; x_wconf 90' lang='grc' dir='ltr'><strong><em>ίστι</em></strong></span> <span class='ocrx_word' id='word_1_267' title='bbox 287 3285 397 3375; x_wconf 89' lang='grc' dir='ltr'><strong><em>πάσης</em></strong></span> <span class='ocrx_word' id='word_1_268' title='bbox 409 3293 468 3375; x_wconf 82' lang='grc' dir='ltr'><strong><em>τῆς</em></strong></span> <span class='ocrx_word' id='word_1_269' title='bbox 480 3288 589 3375; x_wconf 82' lang='grc' dir='ltr'><strong><em>χάρης</em></strong></span> <span class='ocrx_word' id='word_1_270' title='bbox 601 3289 722 3377; x_wconf 89' lang='grc' dir='ltr'><strong><em>ταύτης</em></strong></span> <span class='ocrx_word' id='word_1_271' title='bbox 738 3291 775 3357; x_wconf 82' lang='grc' dir='ltr'><strong><em>ἐκ</em></strong></span> <span class='ocrx_word' id='word_1_272' title='bbox 788 3293 856 3365; x_wconf 74' lang='grc' dir='ltr'><strong><em>τοῖν</em></strong></span> <span class='ocrx_word' id='word_1_273' title='bbox 873 3285 1005 3375; x_wconf 86' lang='grc' dir='ltr'><strong><em>ούρέωυ</em></strong></span> <span class='ocrx_word' id='word_1_274' title='bbox 1021 3293 1057 3370; x_wconf 81' lang='grc' dir='ltr'><strong><em>ές</em></strong></span> <span class='ocrx_word' id='word_1_275' title='bbox 1069 3290 1137 3360; x_wconf 86' lang='grc' dir='ltr'><strong><em>θά-</em></strong></span> 
     </span>
     <span class='ocr_line' id='line_1_33' title="bbox 123 3382 1141 3476; baseline 0.005 -20"><span class='ocrx_word' id='word_1_276' title='bbox 123 3394 271 3473; x_wconf 85' lang='grc' dir='ltr'><strong><em>λασσαν,</em></strong></span> <span class='ocrx_word' id='word_1_277' title='bbox 288 3382 363 3454; x_wconf 87' lang='grc' dir='ltr'><strong><em>κατ’</em></strong></span> <span class='ocrx_word' id='word_1_278' title='bbox 379 3385 402 3454; x_wconf 79' lang='grc' dir='ltr'><strong><em>ά</em></strong></span> <span class='ocrx_word' id='word_1_279' title='bbox 420 3390 538 3476; x_wconf 75' lang='grc' dir='ltr'><strong><em>Τρηχὶς</em></strong></span> <span class='ocrx_word' id='word_1_280' title='bbox 551 3390 763 3458; x_wconf 88' lang='grc' dir='ltr'><strong><em>πεπόλισται·</em></strong></span> <span class='ocrx_word' id='word_1_281' title='bbox 790 3388 933 3474; x_wconf 87' lang='grc' dir='ltr'><strong><em>δισχίλιά</em></strong></span> <span class='ocrx_word' id='word_1_282' title='bbox 947 3416 983 3458; x_wconf 89' lang='grc' dir='ltr'><strong><em>τε</em></strong></span> <span class='ocrx_word' id='word_1_283' title='bbox 997 3390 1066 3476; x_wconf 83' lang='grc' dir='ltr'><strong><em>γάρ</em></strong></span> <span class='ocrx_word' id='word_1_284' title='bbox 1084 3393 1141 3461; x_wconf 73' lang='grc' dir='ltr'><strong><em>καὶ</em></strong></span> 
     </span>
    </p>
   </div>
   <div class='ocr_carea' id='block_1_3' title="bbox 0 0 1202 3840">
    <p class='ocr_par' dir='ltr' id='par_1_5' title="bbox 0 0 1202 3840">
     <span class='ocr_line' id='line_1_34' title="bbox 0 0 1202 3840; baseline 0 0"><span class='ocrx_word' id='word_1_285' title='bbox 0 0 1202 3840; x_wconf 95' lang='lat' dir='ltr'><strong><em> </em></strong></span> 
     </span>
    </p>
   </div>
  </div>
 </body>
</html>
