2378 3840
263 193 350 250 LIB.
381 193 427 249 lx,
459 195 557 250 ῦΑΡ.
589 199 733 254 48-61.
937 191 1000 256 ³18

38 357 143 418 ιωποῦ
159 350 246 419 οὕτω
261 348 301 436 τλῆ
315 352 367 418 ἐπὶ
377 351 439 434 τῆν
452 349 582 435 κρήνην
597 353 765 435 ἐφοίτεον·
787 351 852 420 άπὸ
864 357 926 420 τοῦ
936 375 999 420 πο-

38 454 103 534 μού
116 447 181 534 γάρ
193 469 253 535 σφι
265 445 329 515 ούιι
341 450 419 533 ἐξῆν
429 444 522 532 ὕδωρ
537 449 721 533 φορέεσθαι
736 447 805 516 ὑπό
817 476 853 517 τε
864 456 932 518 τῶν
943 453 999 519 ἰπ-

38 570 87 612 ωυ
101 550 155 615 καὶ
170 546 391 632 τοξευμάτων.
779 632 784 641 s

82 645 213 713 Τούτου
244 643 281 712 δέ
303 642 460 711 τοιούτου
481 645 663 728 γινομένου
689 647 723 711 oc
744 649 811 710 τῶν
830 641 1041 730 Ἑλλήνωνσο

38 749 188 831 ρατηγοί,
208 741 264 811 άτε
280 749 341 811 τοῦ
357 768 393 810 τε
407 741 529 821 ύθατος
544 749 760 829 στερηθείσης
773 749 830 830 τῆς
844 752 998 833 στρατιῆς
1070 818 1074 829 s

38 844 49 910 l
59 839 126 909 ὑπὸ
138 848 195 928 τῆς
206 844 312 908 ἵππου
322 843 579 928 ταρασσομένης,
586 845 837 928 συνελέχθησαν
848 845 924 931 περὶ
934 841 996 912 αύ-

38 949 61 1006 ν
74 964 110 1006 τε
124 938 254 1006 τούτων
265 941 319 1007 καὶ
331 937 453 1022 άλλων,
466 939 623 1016 ἐλθόντες
634 937 724 1024 παρά
736 945 934 1026 Παυσανίην
945 943 999 1008 ἐπὶ

43 1033 153 1115 δεξιὰν
165 1035 271 1121 κέρας.
288 1033 372 1104 άλλα
383 1032 448 1122 γάρ
459 1035 589 1101 τούτων
599 1033 764 1102 τοιούτων
774 1036 901 1103 ἐόντων
911 1043 997 1122 μάλ-

38 1160 55 1200 ν
69 1153 173 1220 σφεας
188 1133 334 1202 ἐλύπεεν
346 1130 424 1199 ούτε
434 1130 499 1217 γὰρ
511 1138 598 1199 σιτία
610 1130 699 1217 εἶχεν
710 1137 775 1219 ἐτι,
791 1136 826 1200 οἵ
836 1135 875 1200 τέ
882 1152 996 1219 σφεων

39 1238 129 1313 έονες
145 1232 422 1321 ἀποπεμφθέντες
438 1237 470 1312 ἐς
480 1232 742 1318 Πελοπόννησον
758 1230 802 1311 άις
818 1232 998 1301 ἐπισιτιεύ-

38 1358 89 1400 νοι
101 1330 323 1400 άποκεκλέατο
339 1329 405 1399 ὑπὸ
420 1337 477 1417 τῆς
491 1334 608 1415 ἵππου,
625 1326 667 1398 ού
681 1330 865 1415 δυνάμενοι
879 1326 997 1397 άπιιιέ-

38 1458 75 1499 αι
90 1433 122 1510 ἐς
136 1429 173 1498 τὸ
189 1431 423 1518 στρατόπεδον.
443 1429 725 1514 Βουλευομένοισι
744 1427 781 1495 δὲ
795 1439 880 1495 τοῖσι
894 1446 996 1513 στρα-
1005 1447 1037 1502 ει

38 1543 119 1614 γοίσί
138 1533 244 1616 ἔδοξε,
268 1526 312 1618 ῆν
326 1527 584 1618 ὑπερβάλωνται
599 1529 731 1615 ἐκείνην
744 1526 806 1614 τῆν
821 1524 950 1615 ἡμέρην
963 1530 998 1595 οί

38 1633 119 1715 ἕρσαι
134 1629 307 1717 συμβολῆν
320 1627 365 1716 μῆ
381 1630 593 1728 ποιεύμενοι,
609 1631 642 1708 ἐς
654 1626 717 1715 τῆν
733 1634 870 1715 νῆσονί
856 1629 951 1698 ί.έναι
972 1626 994 1717 ἡ

47 1725 148 1795 ἐστι’
130 1725 194 1795 από
210 1735 271 1795 τοῦ
284 1727 434 1797 Ἀσωποῦ
444 1731 499 1796 καὶ
514 1735 571 1815 τῆς
582 1727 709 1815 κρήνης
721 1735 779 1814 τῆς
789 1735 995 1817 Γαργαφίης,

38 1823 83 1914 ἠ
69 1817 419 1909 ἐστρατοπεδεύοντο
436 1825 527 1910 τότε,
551 1828 630 1892 δέκα
646 1829 800 1905 σταθίους
815 1825 993 1925 ἀπέχουσα

39 1923 327 2010 ὁτῆςΠλαταιέων
337 1925 460 2004 πόλιος.
479 1933 580 2011 νῆσος
591 1922 681 1993 δέ
639 1951 727 1994 ουτω
738 1921 782 1992 ιἰν
795 1935 844 2012 είη
856 1929 893 1995 ἐν
901 1889 998 2013 ῆπεί-

38 2022 310 2145 πηιζόμενοςὸ
331 2020 479 2110 ποταμὸς
493 2018 632 2092 άνωθεν
651 2027 688 2092 ἐι
707 2049 768 2092 του
753 2031 997 2144 Κιθαιρῶνος

38 2148 59 2189 ει
75 2121 165 2190 κάτω
181 2120 262 2201 ἐς
228 2148 264 2190 το
283 2126 416 2206 πειλίον,
439 2119 591 2218 ὀλίγον’
572 2145 619 2189 απ
624 2119 854 2210 ’άλλῆλωυ
818 2147 857 2189 τα
873 2123 998 2211 ῥέεθρα

38 2233 139 2304 ι’νπερ
166 2226 240 2305 τρία
254 2219 391 2305 στάδια,
413 2222 468 2287 καὶ
484 2226 614 2287 ἐπειτεν
627 2226 805 2339 συμμίσγει
826 2221 858 2297 ἐς
872 2217 996 2286 τώυτό·

38 2344 120 2403 νομα
136 2317 174 2384 δέ
186 2314 237 2385 οί’
233 2318 359 2405 Ωερόη.
382 2317 554 2418 θυγατέρα
570 2319 606 2386 δὲ
621 2317 746 2402 ταύτην
760 2319 895 2403 λέγουσι
912 2314 998 2384 εἶναι

38 2422 139 2482 ιωποῦ
154 2439 172 2481 ο
173 2415 380 2500 ίέπιχάριοι.
405 2417 439 2493 ές
452 2422 574 2482 τοῦτον
589 2413 678 2502 θῆ
645 2440 705 2483 τον
715 2421 825 2500 χῶρον
837 2415 998 2502 ἐβουλεύ-

38 2537 92 2578 ντο
104 2519 358 2598 μεταναστῆναι,
375 2516 432 2578 ἵνα
443 2515 497 2580 καὶ
509 2511 606 2580 &aaa
618 2517 714 2597 ἔχωσι
725 2518 872 2596 χρῆσθαι
882 2508 989 2596 άφθά·

47 2659 55 2693 ,
70 2610 171 2676 καλοί
182 2611 296 2687 ἱππέες
311 2610 416 2693 σφέας
426 2604 472 2694 μῆ
484 2614 643 2691 σινοίατο,
660 2605 771 2691 ὥσπερ
784 2606 908 2675 κατιθύ
920 2607 996 2676 ἐόν-

38 2733 65 2773 ν.
87 2708 345 2791 μετακινέεσθαί
358 2731 394 2773 τε
410 2707 524 2774 έὸύιιεε
538 2705 629 2790 τότε,
651 2701 754 2772 ἐπεάν
767 2711 825 2792 τῆς
839 2702 961 2784 νυκτὸς
973 2696 996 2794 ῆ

38 2806 127 2890 ιτέρη
143 2799 294 2890 φυλακῆ,
315 2800 362 2880 άς
378 2798 422 2869 ἂν
439 2800 484 2889 μῆ
506 2807 630 2872 ίθοίατο
651 2806 687 2870 οί
699 2804 827 2888 Πέρσαι
841 2805 989 2891 ἐξορμεο-

38 2926 111 2979 νους
125 2905 184 2967 καί
197 2920 302 2985 σφεας
316 2901 473 2988 ἑπόμενοι
489 2903 688 2990 ταράσσοιεν
701 2905 736 2969 οἱ
748 2899 893 2970 ἱππόται.
917 2898 997 2970 άπι-

38 3001 141 3066 ιένων
158 2997 194 3065 δέ
208 2999 242 3076 ἐς
257 2994 317 3065 τὸν
330 2990 443 3087 γάρον
457 3007 594 3088 τοῦτον,
610 2998 671 3069 τὸν
685 2997 908 3086 σῆῆἈσωπλς
921 2995 996 3066 Ὠε-

38 3121 52 3179 η
73 3100 288 3180 περισχίζεται
308 3098 433 3184 ῥέουσα
452 3101 488 3168 ἐκ
507 3106 569 3167 τοῦ
589 3105 821 3185 Κιθαιρῶνος,
847 3094 913 3164 ὑπὸ
931 3093 995 3183 τῆν

38 3216 95 3259 κτα
105 3191 351 3277 ταύτηυέδόκεε
362 3194 441 3275 τούς
447 3194 585 3284 ἡμίσεας
596 3194 811 3266 ἀποστέλλειν
821 3202 882 3264 τοῦ
892 3215 995 3280 στρα-

38 3292 131 3358 ιέδου
142 3288 225 3376 πρὸς
235 3290 296 3361 τὸν
310 3301 520 3382 Κιθαιρῶνα,
537 3291 796 3381 ύςάναλάβοιεν
805 3289 884 3372 τούς
894 3288 994 3360 ύπέο-

38 3415 48 3464 ς
68 3385 145 3466 τοὺς
165 3389 217 3455 ἐπὶ
231 3386 271 3456 τά
293 3398 380 3459 σιτία
396 3393 606 3479 οίηομένους·
636 3384 723 3478 ῆσαν
737 3389 803 3477 γάρ
818 3395 856 3459 ἐν
866 3395 914 3470 τῷ
929 3394 994 3456 Κι-
