2378 3840
307 172 391 228 LIB.
423 171 483 228 vn.
515 170 615 228 CAP.
647 175 823 232 154-157.
1004 170 1067 236 189

64 327 124 410 τάς
137 327 359 416 Συρηκούσας
373 326 551 416 ἐκράτυνε,
566 329 622 395 καί
635 319 723 414 ήσάν
734 332 768 397 οί
780 329 889 399 πάντα
903 337 937 401 αἱ
951 333 1066 421 Συρή-

64 449 193 506 κουσαι.
212 429 250 496 αί
257 429 293 495 δέ
303 431 491 515 παραυτίκα
501 423 568 493 ἀνά
578 421 607 492 τ’
621 429 767 514 ἔδραμον
778 429 832 496 καὶ
843 425 1065 517 ἀνέβλαστον·

63 532 162 593 τούτο
173 524 235 611 μέν
244 520 309 612 γάρ
317 528 568 610 Καμαριναίους
577 519 726 603 ἅπαντας
736 524 768 602 ἐς
779 521 837 604 τάς
844 527 1066 613 Συρηκούσας

63 620 201 710 ἀγωγόν
217 622 376 710 πολιήτας
395 624 545 709 ἐποίησε,
564 628 760 710 Καμαρίνης
777 622 814 691 δὲ
829 622 866 692 τό
888 623 973 693 άστν
986 652 1068 694 κατ-

63 726 198 806 έσκαψε,
209 726 308 787 τούτο
322 719 359 787 δέ
368 719 513 810 Γελῴων
525 716 747 807 ὑπερημίσεας
757 727 825 788 τῶν
836 717 947 791 ἀστῶν
957 720 1064 792 τόντό

62 830 147 885 τοῖσι
160 822 421 904 Καμαριναίοισι
437 819 588 904 ἐποίησε,
612 818 790 906 Μεγαρέας
804 846 839 886 τε
858 818 937 900 τούς
952 824 989 889 ἐν
1001 831 1066 890 Σι-

62 920 171 1004 κελίη,
192 912 237 993 ὡς
250 916 524 1002 πολιορκεόμενοι
544 917 577 993 ἐς
597 911 779 1002 ὁμολογίην
792 917 1063 1006 προσεχώρησαν,

61 1009 141 1092 τούς
161 1011 224 1099 μὲν
240 1010 354 1081 αὐτῶν
373 1015 495 1099 παχέας
515 1009 734 1100 ἀειραμένους
755 1039 790 1082 τε
810 1014 958 1100 πόλεμον
973 1013 1063 1106 αύτῷ

61 1112 117 1178 καὶ
131 1111 396 1195 προσδοκέοντας
410 1107 613 1178 ἀπολέεσθαι
629 1108 684 1178 διά
699 1117 798 1179 τοῦτο
811 1109 949 1199 ἀγαγάν
963 1115 995 1192 ἐς
1005 1109 1064 1191 τάς

60 1205 285 1292 Συρηκούσας
298 1206 456 1295 πολιήτας
469 1209 613 1296 ἐποίησε,
629 1204 690 1277 τόν
699 1208 735 1276 δέ
747 1212 854 1297 δῆμον
864 1217 932 1279 τάν
943 1217 1064 1297 Μεγα-

62 1307 149 1390 ρέων
159 1300 327 1372 ούκέόντα
336 1310 503 1391 μεταίτιον
513 1310 574 1372 τού
580 1309 729 1392 πολέμου
738 1307 862 1375 τούτου
871 1305 1063 1397 ούδέπροσ-

61 1403 244 1491 δεκόμενον
254 1401 361 1472 κακόν
372 1401 473 1471 ούδέν
483 1408 658 1472 πείσεσθαι
669 1401 806 1491 ἀγαγεδν
816 1409 872 1475 καὶ
878 1406 1018 1487 τούτους
1029 1409 1064 1487 ἐς

59 1497 118 1580 τάς
123 1500 346 1589 Συρηκούσας
358 1498 498 1570 ἀπέδοτο
511 1501 563 1569 ἐπ’
575 1505 723 1593 ἐξαγωγῇ
734 1507 940 1594 έκΣικελίης.
953 1504 1060 1576 τώυτό

60 1600 96 1667 δὲ
107 1607 205 1668 τοῦτο
218 1602 274 1669 καί
284 1598 434 1689 Εύβοέας
443 1597 523 1679 τούς
533 1602 571 1668 έν
581 1608 719 1690 Σικελίῃ
731 1604 863 1689 ἐποίησε
879 1608 1059 1694 διακρίνας.

59 1700 167 1765 ἐποίεε
178 1698 215 1764 δέ
225 1704 329 1764 ταῦτα
338 1696 480 1774 τούτους
489 1693 701 1783 ἀμφοτέρους
708 1706 847 1786 νομίσας
859 1706 966 1788 δῆμον
976 1701 1062 1771 εἶναι

59 1800 247 1881 συνοίκημα
261 1794 514 1883 ἀχαριτώτατον.
541 1794 690 1885 Τοιούτςσ
700 1797 762 1882 μὲν
772 1797 885 1890 τρόπω
896 1798 1063 1888 τύραννος

59 1895 212 1983 ἐγεγόνεε
222 1897 323 1982 μέγας
337 1891 354 1965 ὁ
367 1895 499 1980 Γέλων,
516 1893 591 1962 τότε
605 1896 637 1963 δ’
656 1892 701 1974 ὡς
715 1898 750 1963 οί
760 1893 895 1982 ἀγγελοι
908 1904 977 1966 τόν
988 1896 1063 1968 Ἐλ-
1075 1921 1125 1981 157

59 1994 172 2081 λήνων
183 1991 323 2061 ἀπίκατο
336 1995 368 2071 ές
378 1989 846 2079 τάςΣυρηκούσας,έλθόντες
857 1990 947 2087 αύτῷ
958 1999 992 2076 ές
1003 1997 1063 2065 λό-

59 2118 138 2180 γους
149 2097 267 2178 ἔλεγον
277 2089 371 2160 τάδε·
394 2089 571 2178 ’Ἐπεμύαν
581 2088 684 2178 ἡμέας
693 2093 956 2181 Λακεδαιμόνιοί
962 2122 997 2164 τε
1008 2100 1064 2166 καὶ

55 2192 226 2276 Ἀθηναῖοι
238 2193 295 2259 καί
309 2193 341 2258 οί
352 2187 483 2258 τούτων
497 2188 663 2277 σύμμαχοι
684 2193 1010 2279 παραλαμψομένους
1024 2213 1062 2261 σε

58 2285 141 2371 πρὸς
154 2287 215 2356 τόν
234 2287 425 2376 βάρβαρον·
450 2284 512 2356 τόν
531 2285 598 2375 γάρ
616 2287 753 2355 ἐπιόντα
773 2289 826 2356 ἐπὶ
842 2286 904 2376 τήν
921 2287 1063 2370 Ἐλλάδα

56 2387 190 2465 πάντως
203 2412 267 2454 κον
281 2386 491 2472 πυνθάνεαι,
508 2382 560 2455 ότι
573 2386 705 2474 Πέρσης
719 2382 805 2473 ἀνήρ
820 2387 930 2472 μέλλει
950 2387 1063 2467 ζεύξας

56 2483 369 2569 τδνἙλλήσποντον
386 2488 442 2551 καλ
457 2484 592 2568 ἐπάγων
605 2485 717 2550 πάντα
727 2480 789 2549 τόν
805 2479 898 2571 ήῷον
918 2482 1061 2570 στρατόν

56 2582 93 2647 έκ
106 2586 163 2664 τῆς
174 2575 283 2664 Ἀσίης
296 2579 576 2666 στρατηλατήσειν
586 2580 639 2646 έπλ
649 2575 871 2664 τὴνἙλλάδα,
885 2579 1061 2668 πρόσχημα

55 2678 118 2764 μὲν
132 2674 342 2761 ποιεύμενος,
358 2673 403 2755 ὡς
412 2672 465 2743 ἐπ’
478 2673 623 2763 Ἀθήνας
634 2674 783 2761 ἐλαύνει,
799 2676 837 2742 έν
847 2674 917 2766 νόςο
928 2676 965 2744 δέ
976 2683 1061 2763 έχων

55 2780 167 2842 πᾶσαν
177 2769 240 2859 τήν
251 2769 392 2840 Ἑλλάδα
406 2769 467 2840 ὑπ’
483 2774 596 2864 ἑωυτῷ
611 2771 826 2859 ποιήσασθαι.
850 2769 894 2840 σύ
905 2772 941 2840 δέ
953 2775 1061 2842 δυνά-

55 2872 130 2957 μιός
146 2896 181 2939 τε
201 2867 293 2957 ήκεις
312 2870 473 2958 μεγάλης,
496 2873 552 2938 καί
568 2869 668 2958 μοῖρά
685 2895 735 2939 τοι
752 2876 811 2958 τῆς
824 2868 981 2952 Ἑλλάδος
996 2871 1060 2942 ούκ

55 2973 205 3056 ἐλαχίστη
216 2969 298 3055 μέτα
309 2966 448 3056 ἀρχοντί
454 2995 493 3055 γε
503 2976 666 3056 Σικελίης.
696 2965 811 3055 βάθεέ
820 2994 856 3036 τε
866 2981 952 3037 τοῖσι
963 2971 1059 3038 έλευ-

54 3073 196 3153 θεροῦσι
210 3063 272 3154 τήν
281 3064 439 3152 Ἑλλάδα,
459 3069 516 3135 καλ
532 3068 792 3152 συνελευθέρου.
821 3060 905 3152 ἀλής
918 3063 981 3152 μὲν
994 3063 1060 3156 γάρ

54 3164 218 3251 γενομένη
231 3169 321 3232 πάσα
331 3160 353 3251 ἡ
362 3159 478 3243 Ἑλλάς
487 3166 557 3252 χείρ
569 3164 696 3252 μεγάλη
710 3163 890 3250 συνάγεται
901 3166 956 3232 καλ
968 3160 1061 3246 ἀξιό-

54 3286 152 3349 μαχοι
167 3262 333 3349 γινόμεθα
346 3276 431 3331 τοῖσι
446 3266 594 3332 ἐπιοῦσι·
609 3259 654 3352 ήν
668 3264 705 3333 δέ
717 3260 831 3353 ήμέων
842 3265 876 3333 οί
884 3262 947 3351 μέν
957 3289 1059 3333 κατα-

54 3362 253 3444 προδιδῶσι,
269 3363 302 3426 οί
316 3361 352 3427 δὲ
369 3357 413 3448 μή
432 3363 573 3431 ἐθέλωσι
589 3363 780 3452 τιμωρέειν,
797 3357 836 3431 τό
852 3364 888 3431 δὲ
900 3359 1059 3448 ὑγιαῖνον

990 3566 1128 3614 *k
