2378 3840
372 196 456 252 LIB.
489 197 523 252 V.
556 195 654 252 061².
693 201 831 255 18-22.
1076 194 1097 253 9

95 360 311 440 γυναικηίην,
334 348 434 429 αὐτός
449 351 485 417 δὲ
499 345 517 417 6
535 346 748 440 Ἀλέξανδρος
765 362 859 431 ίσους
874 358 948 440 τῇσι
964 355 1098 439 γυναιξί

93 449 244 536 ἀριθμόν
258 448 383 535 ἄνδρας
402 454 624 533 λειογενείους
641 456 683 538 τῇ
702 457 772 518 τῶν
791 457 964 536 γυναικῶν
980 452 1096 538 ἐσθῆτι

93 546 261 624 σκευάσας
275 549 327 613 καὶ
343 546 522 631 ἐγχειρίδια
537 547 617 624 δοὺς
636 554 765 635 παρῆγε
779 554 861 634 ἔσω,
881 547 1096 635 παράγωνδέ

93 645 235 722 τούτους
256 649 347 729 ἔλεγε
366 658 451 711 τοῖσι
465 646 614 732 Πέρσῃσι
634 645 731 713 τάδε·
765 638 805 712 Ὠ
818 647 963 732 Πέρσαι,
985 655 1096 714 οίκατε

93 745 274 828 πανδαισίῃ
287 742 381 828 τελέῃ
395 744 581 826 ἱστιῆσθαι·
609 741 650 809 τά
669 768 705 809 τε
720 739 785 829 γάρ
808 740 909 828 ἄλλα,
931 740 993 809 ὅσα
1009 752 1076 827 είχο

94 867 173 927 μεν,
191 842 246 907 καλ
263 835 347 926 πρός
361 833 400 905 τά
417 831 472 908 οἷά
486 863 522 904 τε
535 829 580 924 ἦν
594 838 791 925 ἐξευρόντας
804 842 971 926 παρέχειν,
985 838 1096 907 πάντα

48 1044 51 1099 ι
93 936 1097 1161 26:662ssss65⁰6?{25563'225665336332

92 1136 185 1224 ίιμιν,
202 1132 246 1212 ὡς
260 1133 446 1211 παντελέως
457 1132 587 1220 μάθητε
610 1159 792 1222 τιμεομενοι
800 1157 883 1220 προς
891 1158 1094 1221 ημεωντων

48 1198 59 1305 ί
94 1239 156 1320 πέρ
172 1235 244 1301 ἐστε
258 1229 361 1352 άξιοι,
383 1228 468 1317 πρὸς
482 1232 519 1297 δὲ
534 1233 589 1298 καὶ
602 1238 776 1322 βασιλέι
745 1258 790 1298 τω
776 1238 972 1317 πέμψαντι
987 1231 1097 1314 άπαγ-

48 1340 54 1389 ¹·
94 1327 283 1419 γείλητε,’
261 1358 306 1409 ως
321 1325 407 1417 άνηρ
413 1327 801 1414 Ἕλλην’Μακεδόνων”
777 1353 925 1414 υπαρχος
939 1320 980 1397 εὖ
993 1325 1096 1413 ὑμέας

51 1422 59 1527 ἱ
93 1433 224 1511 ἐδέξατο
239 1430 293 1496 καλ
309 1429 451 1514 τραπέζῃ
468 1428 523 1494 καὶ
536 1433 638 1514 κοίτῃ.
662 1434 765 1495 ταῦτα
780 1437 873 1506 είπας
885 1426 1097 1512 Ἀλέξανδρος

52 1582 55 1589 .
93 1531 221 1613 παρίζει
235 1528 349 1612 Πέρσῃ
369 1520 468 1610 άνδρὶ
487 1522 596 1607 ἄνδρα
615 1523 844 1593 Μακεδόνα“
822 1552 866 1603 ως
886 1539 1031 1611 γυναικα
1050 1527 1096 1615 τῷ

52 1682 61 1711 ,,
92 1627 198 1716 λόγῳ·
221 1629 256 1693 ολ
265 1627 316 1710 δὲ,
334 1627 408 1694 ἐπεί
414 1629 451 1693 τέ
460 1645 574 1711 σφεων
586 1627 622 1692 ολ
626 1624 755 1711 Πέρσαι
765 1622 885 1704 ψαύειν
895 1629 1095 1715 ἐπειρέοντο,

50 1788 55 1817 3
93 1722 306 1810 διεργάζοντο
322 1719 454 1802 αὐτούς.

61 1886 64 1901 ,
176 1825 242 1890 Καὶ
263 1813 357 1890 οὗτοι
377 1821 440 1906 μὲν
459 1821 566 1910 τούτῳ
586 1826 632 1911 τῷ
652 1819 746 1910 μόρφ
766 1819 1018 1906 διεφθάρησαν,
1041 1823 1096 1890 καὶ
1109 1848 1141 1900 ς]

56 1910 62 1983 ἶ
94 1919 189 2040 αὐτοὶ
210 1923 265 1989 καί
283 1917 304 2007 6
325 1924 494 2006 θεραπηίη
516 1914 644 1985 αὐτῶν·
677 1921 786 1985 είπετο
807 1913 872 2003 γάρ
894 1917 937 2004 66
957 1937 1018 2003 σφι
1041 1921 1097 1986 καί

57 2016 241 2136 ὀχήματα
255 2019 311 2084 καὶ
323 2014 531 2102 θεράποντες
544 2012 632 2083 καὶ
615 2042 636 2101 η
650 2021 741 2083 πᾶσα
761 2013 866 2101 πολλη
882 2016 1094 2102 παρασκευή·

60 2078 70 2209 ἐ,
92 2118 203 2186 πάντα
219 2113 260 2234 66
276 2122 381 2182 ταῦτα
395 2112 464 2201 άμα
478 2121 559 2182 πᾶσι
575 2112 763 2183 ἐκείνοισι’
744 2114 919 2201 ηφάνιστο.
949 2115 1032 2237 μετόι
1057 2114 1095 2185 66

63 2238 70 2317 ῃ
92 2213 203 2303 χρόνῳ
218 2238 260 2280 ον
250 2208 426 2300 ’πολλῷ“
402 2233 546 2298 νστερον
584 2213 714 2299 ζήτησις
727 2219 795 2280 τῶν
816 2209 951 2298 ἀνδρῶν
964 2215 1095 2282 τούτων

64 2336 99 2421 6
92 2309 220 2397 μεγάλη
236 2311 272 2376 ἐκ
285 2315 353 2376 τῶν
364 2310 523 2396 Περσέων
538 2313 680 2397 ἐγίνετο,
697 2317 756 2379 καί
767 2331 871 2430 σφεας
882 2310 1095 2400 Ἀλέξανδρος

93 2409 252 2493 κατέλαβε
266 2412 384 2495 σοφίῃ,
399 2407 549 2495 χρήματά
565 2435 599 2477 τε
614 2361 694 2486 6063
704 2406 811 2478 πολλά
826 2409 929 2478 καί
893 2437 956 2498 την
967 2413 1096 2480 ἑωυτοῦ

69 2466 83 2573 ί
92 2501 277 2591 ἀδελφεὴν,
299 2512 339 2593 τῃ
354 2502 483 2593 οὕνομα
496 2499 540 2593 ἦν
556 2511 702 2591 Γυγαίη·
731 2501 812 2584 δοός
826 2504 863 2573 δέ
879 2514 983 2573 ταῦτα
999 2510 1096 2574 κατέ-

80 2610 175 2693 λαβε
189 2599 207 2670 6
219 2600 433 2691 Ἀλέξανδρος
446 2603 607 2691 Βουβάρῃ
621 2600 718 2686 ἀνδρί
732 2605 863 2725 Πέρσῃ,
882 2609 950 2670 τῶν
965 2605 1096 2690 διζημέ-

80 2698 167 2797 ,νων
185 2697 263 2779 τοδς
284 2699 514 2787 ἀπολομένους
534 2706 579 2788 τῷ
601 2706 782 2789 στρατηγῷ
815 2698 834 2768 6
857 2703 921 2788 μέν
943 2728 1008 2770 νυν
1027 2708 1095 2768 τῶν

48 2802 252 2899 Περσέων
267 2801 397 2869 τούτων
410 2800 559 2923 θάνατος
573 2798 662 2866 οὕτω
677 2805 928 2887 καταλαμφθεὶς
942 2802 1093 2922 ἐσιγήθῃ.

48 2901 253 2987 Έλληνας
266 2897 349 2968 δέ
318 2926 403 2968 ειναι
416 2900 558 2977 τούτους
574 2895 654 2977 τούς
668 2895 733 2967 666
749 2903 941 2985 Περδίκκεω
956 2899 1098 2987 γεγονό-
1110 2912 1146 2967 n

85 3024 165 3085 τας,
198 2996 344 3086 κατάπερ
375 2994 470 3066 αὐτοι
489 2999 641 3082 λέγουσι,
664 2993 764 3074 αὐτός
783 3022 818 3063 τε
834 2995 923 3064 οὕτω
943 2997 1098 3084 τυγχάνω

84 3095 326 3180 ἐπιστάμενος,
348 3097 404 3164 καλ
425 3092 465 3182 66
489 3098 544 3163 καί
567 3098 604 3163 ἐν
623 3108 708 3163 τοισι
729 3091 851 3162 ὄπισθε
867 3092 1030 3179 λόγοισι’
1011 3118 1097 3162 απο-

48 3196 64 3251 '=
91 3195 192 3279 δέξω,
215 3189 260 3270 ὡς
276 3190 517 3278 είσίἝλληνες,
540 3190 625 3279 πρός
645 3191 681 3259 δὲ
695 3193 749 3259 καί
766 3195 800 3258 οί
814 3188 874 3258 τὸν
887 3192 925 3258 ἐν
936 3188 1097 3280 Ὀλυμπίῃ

48 3284 67 3379 6
91 3294 263 3369 διέποντες
283 3287 399 3377 άγοῑνα
412 3289 582 3378 Ἑλλήνων
598 3289 687 3358 οὕτω
703 3295 856 3374 ἔγνωσαν
870 3288 965 3358 εἶναι.
1005 3288 1096 3359 'Ake-

88 3389 241 3472 ξάνδρου
262 3386 326 3475 γάρ
352 3385 531 3457 ἀεθλεύειν
551 3391 711 3474 ἑλομένου
734 3389 789 3454 καὶ
816 3385 1021 3473 καταβάντος
1039 3383 1094 3456 ἐπ’
