2378 3840
101 172 134 234 ω
422 172 719 261 ¹monov

101 332 267 421 ἒσβάλιισι.
294 338 398 400 ταῦτα
414 328 619 409 ἀκούσαντες
638 335 672 399 οἱ
686 336 862 418 Λίγινῆται
885 339 1019 420 ἔσχοντο
1041 339 1098 422 της

93 428 240 517 ἀγωγῆς,
267 427 427 517 ὁμολογίῃ
455 426 491 495 δδ
516 426 695 514 ἐχρήσαντο
718 434 846 517 τοιῇδε,
873 432 1095 519 ἐπισπόμενοι

92 534 300 615 Λευτυχίδην
314 530 348 606 ές
364 526 509 614 Ἀθήνας
526 523 713 594 ἀποδοῦναι
725 528 924 620 Αἰγινήτῃσι
941 530 1020 612 τούς
1035 531 1098 600 άν-

57 643 77 694 λι
94 631 184 713 δρας.
213 624 271 705 Ὡς
285 625 320 694 δὲ
333 623 535 712 ἀπικόμενος
545 629 750 712 Λευτυχίδης
760 629 793 705 ἐς
802 624 861 706 τάς
871 624 1017 717 Ἀθήνας
1032 626 1098 697 ἀπ-

92 721 251 809 αίτεετην
266 725 485 810 παραθήκην,
502 729 535 791 οί
547 720 719 810 Ἀθηναῖοι
746 720 908 810 προφάσις
933 723 1044 795 εἷλκον
1056 725 1097 794 οὐ

92 825 293 914 βουλόμενοι
310 821 514 910 ἀποδοῦναι,
530 823 654 910 φάντες
668 822 731 890 δύο
746 823 850 910 σφεάς
870 825 984 904 ἐόντας
999 834 1098 913 βασι-

92 930 168 1005 λέας
180 927 396 1010 παραθέσθαι
407 928 462 992 καὶ
474 921 515 991 οὐ
526 929 680 992 δικαιοῦν
693 929 739 1013 τῷ
752 926 850 1015 ἑτέρφ
862 922 945 992 ἀνευ
956 933 1016 994 τοῦ
1028 927 1097 994 ε’τέ-
1137 914 1141 927 x

63 1046 157 1110 Ιρου
172 1021 380 1091 ἀποδιδόναι.
408 1019 450 1090 ού
466 1023 625 1108 φαμένων
645 1022 681 1087 δὲ
702 1017 892 1088 ἀποδώσειν
911 1028 979 1089 τῶν
995 1018 1095 1109 Ἀθη-

92 1132 199 1194 ναίων
213 1125 304 1204 ἔλεξέ
314 1144 374 1208 σφι
384 1123 587 1206 Λευτυχίδης
601 1118 697 1186 τάδε·
714 1111 754 1185 Ὠ
765 1113 956 1208 Ἀθηναῖοι,
970 1122 1098 1188 ποιέετε

94 1229 155 1312 μὲν
173 1220 313 1310 ὁκότερα
326 1220 494 1309 βούλεσθε
508 1215 607 1285 αὐτοί
612 1242 619 1256 ·
641 1213 774 1303 καὶγὰρ
789 1213 1007 1300 ἀποδιδόντες
1021 1241 1099 1284 ποι-

95 1329 163 1393 έετε
174 1321 261 1410 ὅσια,
276 1322 331 1406 καὶ
341 1317 384 1407 μὴ
397 1315 613 1396 ἀποδιδόντες
623 1314 663 1384 τά
675 1319 809 1385 ἐναντία
819 1318 964 1386 τούτων·
983 1315 1099 1387 ὁκοῖον

94 1427 207 1511 μέντοι
222 1447 254 1488 τι
265 1421 301 1487 ἐν
314 1425 354 1508 τῇ
364 1416 507 1505 Σπάρτη
517 1423 722 1504 συνηνείχθη
733 1418 892 1503 γενέσθαι
903 1421 979 1502 περὶ
989 1442 1099 1503 παρα-

94 1521 220 1608 θηκης,
236 1518 400 1607 βούλομαι
413 1514 494 1602 ὑμῖν
505 1513 602 1583 εἶπαι.
623 1519 764 1602 λέγομεν
778 1513 871 1602 ἡμεῖς
883 1520 917 1583 οί
924 1521 1100 1602 Σπαρτιῆ·

94 1646 147 1687 ται
161 1620 320 1705 γενέσθαι
335 1618 372 1684 έν
385 1623 425 1704 τῇ
436 1617 661 1698 Λακεδαίμονι
674 1609 758 1680 κατά
772 1619 887 1699 τρίτην
900 1611 1023 1701 γενεὴν
1037 1611 1100 1701 τὴν

95 1713 151 1782 ἀπ’
170 1717 245 1800 ἐμέο
262 1719 417 1782 Γλαῦκον
428 1710 619 1789 Ἐπικύδεος
632 1714 743 1778 παῖδα.
772 1717 895 1779 τοῦτον
909 1710 969 1780 τόν
991 1712 1100 1796 ἀνδρα

96 1815 206 1901 φαμὲν
220 1811 261 1880 τά
271 1839 306 1880 τε
324 1811 407 1881 ἀλλα
423 1811 532 1880 πάντα
547 1811 720 1897 περιήκειν
728 1807 769 1878 τά
781 1818 906 1898 πρῶτα,
921 1816 976 1882 καὶ
988 1811 1029 1900 δὴ
1045 1817 1099 1881 καὶ

94 1913 233 1982 ἀκούειν
245 1910 362 1999 ἀριστα
377 1911 592 1997 δικαιοσύνης
605 1912 681 1993 πέρι
696 1909 851 1997 πάντων,
867 1909 941 1978 ὅσοι
954 1908 1018 1999 τὴν
1030 1920 1100 1978 Λα-

95 2017 275 2098 κεδαίμονα
288 2020 410 2079 τοῦτον
425 2009 485 2078 τόν
499 2008 623 2094 χρόνον
637 2017 758 2076 οἴκεον.
788 2016 1048 2096 συνενειχθῆναι
1063 2013 1100 2076 δέ

96 2113 129 2177 ol
141 2112 177 2177 ἐν
195 2115 304 2200 χρόνῳ
324 2110 508 2197 ίκυεομένῳ
526 2107 607 2174 τάδε
625 2107 784 2193 λέγομεν,
807 2105 916 2194 ἀνδρα
930 2108 1099 2194 Μιλήσιον

95 2204 302 2294 ἀπικόμενον
319 2210 352 2285 ἐς
367 2207 530 2293 Σπάρτην
544 2205 733 2292 βούλεσθαί
743 2211 777 2274 οί
790 2209 904 2276 ἐλθεῖν
919 2211 951 2286 ές
966 2207 1098 2294 λόγους,

95 2307 339 2392 προισχόμενον
356 2305 487 2372 τοιάδε·
515 2307 592 2390 Είμὶ
612 2305 675 2391 μὲν
689 2306 874 2393 Μιλήσιος,
894 2305 965 2394 ἥκω
986 2307 1023 2375 δὲ
1043 2315 1099 2394 τῆς

95 2411 164 2489 σῆς,
174 2409 315 2489 Γλαῦκε,
323 2402 538 2488 δικαιοσύνης
548 2402 755 2490 βουλόμενος
764 2402 961 2475 ἀπολαῦσαι.
980 2404 1099 2492 ὡςγάρ

94 2497 142 2590 δὴ,
151 2498 217 2568 ἀνά
233 2507 344 2568 πᾶσαν
357 2502 420 2588 μὲν
429 2498 492 2588 την
503 2500 609 2587 ἀλλην
617 2499 769 2590 Ἐλλάδα,
782 2506 820 2571 ἐν
830 2505 867 2573 δὲ
877 2507 932 2574 καὶ
943 2511 1019 2589 περὶ
1031 2504 1055 2574 Ἰ
1056 2532 1099 2573 ω·

93 2605 172 2684 νίηυ
185 2604 243 2684 τῆς
253 2603 313 2683 σῆς
323 2597 538 2685 δικαιοσύνης
548 2592 593 2687 ἦν
604 2599 704 2686 λόγος
715 2599 856 2690 πολλός,
871 2605 1026 2692 ἐμεωυτῷ
1040 2604 1098 2672 λό-

94 2724 175 2816 γους
191 2701 326 2765 ἐδίδουν
338 2697 424 2766 καὶ“
404 2725 456 2766 οτι
467 2700 679 2777 ε’πικίνδυνός
694 2702 808 2769 ἐστιί
773 2728 795 2767 α
796 2707 841 2770 ίεί
851 2729 927 2771 κοτε
946 2701 965 2790 ἡ
979 2700 1097 2821 Ἰωνίη,

92 2825 113 2882 η
101 2792 165 2862 ’δὲ
182 2791 440 2910 Πελοπόννησος
456 2793 630 2882 ἀσφαλέως
644 2800 825 2885 ἱδρυμένη,
841 2802 896 2868 καὶ
913 2800 1000 2868 διότι
1009 2799 1096 2917 χρή-

93 2920 178 2981 ματα
193 2888 323 2978 ούδαμά
339 2889 418 2970 τούς
437 2890 560 2972 αὐτούς
576 2891 679 2962 ἐστι’
665 2900 751 2978 ορᾶν
770 2900 913 2981 ἔχοντας.
941 2897 1099 2966 ταῦτάτε

94 2985 142 3059 τόν
163 2993 384 3081 ἐπιλεγομένῳ
408 2993 463 3060 καὶ
479 2995 713 3082 βουλευομένῳ
734 2996 828 3072 ἔδοξ’
793 2996 897 3089 ξεμοι
918 2994 959 3063 τά
980 2994 1098 3083 ἡμίσεα

92 3087 200 3172 πάσης
209 3095 267 3174 τῆς
280 3085 394 3174 οὐσίης
405 3091 680 3178 ἐξαργυρώσαντα
693 3095 819 3160 θέσθαι
831 3090 921 3180 παρά
935 3098 982 3179 σὲ,
997 3121 1036 3164 ευ
1023 3088 1097 3177 ἐξ·

93 3189 316 3309 επισταμένω,
333 3184 377 3265 όός
390 3213 447 3273 μοι
462 3195 597 3273 κείμενα
612 3195 701 3258 ἔσται
717 3187 808 3276 παρά
823 3194 876 3260 σοὶ
894 3189 965 3263 σόα.
998 3191 1042 3262 σύ
1058 3189 1099 3282 δη

92 3309 148 3369 μοι
162 3284 217 3350 καί
233 3280 272 3350 τό
286 3285 436 3372 χρήματα
450 3289 539 3366 δέξαι
553 3315 608 3356 και
597 3281 752 3356 τάδε
714 3316 755 3356 τα
773 3290 926 3412 σύμβολα
940 3301 1024 3375 σῶζε
1037 3302 1100 3362 λα-

91 3380 180 3465 βάν
203 3378 327 3457 δςδ’
306 3409 349 3450 αν
370 3390 465 3469 ἔχων
474 3392 576 3452 ταῦτα
597 3383 752 3476 άπαιτέη,
774 3388 883 3477 τούτῳ
897 3385 1097 3460 ἀποδοῦναι.
