<?xml version="1.0" encoding="UTF-8"?>
<!DOCTYPE html PUBLIC "-//W3C//DTD XHTML 1.0 Transitional//EN"
    "http://www.w3.org/TR/xhtml1/DTD/xhtml1-transitional.dtd">
<html xmlns="http://www.w3.org/1999/xhtml" xml:lang="en" lang="en">
 <head>
  <title>
</title>
<meta http-equiv="Content-Type" content="text/html;charset=utf-8" />
  <meta name='ocr-system' content='tesseract 3.04.00' />
  <meta name='ocr-capabilities' content='ocr_page ocr_carea ocr_par ocr_line ocrx_word'/>
</head>
<body>
  <div class='ocr_page' id='page_1' title='image "./herodotihistori01herogoog_0221.png"; bbox 0 0 2378 3840; ppageno 0'>
   <div class='ocr_carea' id='block_1_1' title="bbox 125 168 788 233">
    <p class='ocr_par' dir='ltr' id='par_1_1' title="bbox 125 168 788 233">
     <span class='ocr_line' id='line_1_1' title="bbox 125 168 788 233; baseline -0.008 0"><span class='ocrx_word' id='word_1_1' title='bbox 125 168 189 233; x_wconf 72' lang='lat'><strong><em>202</em></strong></span> <span class='ocrx_word' id='word_1_2' title='bbox 310 194 316 203; x_wconf 89' lang='lat'><em>·</em></span> <span class='ocrx_word' id='word_1_3' title='bbox 504 171 788 231; x_wconf 75' lang='grc' dir='ltr'><strong>ΗΕΒΟΒΟΤῙ·</strong></span> 
     </span>
    </p>
   </div>
   <div class='ocr_carea' id='block_1_2' title="bbox 62 323 1142 3459">
    <p class='ocr_par' dir='ltr' id='par_1_2' title="bbox 62 323 1142 3459">
     <span class='ocr_line' id='line_1_2' title="bbox 124 323 1118 419; baseline -0.005 -19"><span class='ocrx_word' id='word_1_4' title='bbox 124 327 262 419; x_wconf 83' lang='grc' dir='ltr'><strong><em>άπαθής</em></strong></span> <span class='ocrx_word' id='word_1_5' title='bbox 275 358 310 400; x_wconf 88' lang='grc' dir='ltr'><strong><em>τε</em></strong></span> <span class='ocrx_word' id='word_1_6' title='bbox 324 338 438 402; x_wconf 81' lang='grc' dir='ltr'><strong><em>κακῶν</em></strong></span> <span class='ocrx_word' id='word_1_7' title='bbox 448 325 493 419; x_wconf 83' lang='grc' dir='ltr'><strong><em>ἦν</em></strong></span> <span class='ocrx_word' id='word_1_8' title='bbox 506 327 525 398; x_wconf 93' lang='lat'><strong><em>6</em></strong></span> <span class='ocrx_word' id='word_1_9' title='bbox 541 327 691 418; x_wconf 81' lang='grc' dir='ltr'><strong><em>στρατὸς,</em></strong></span> <span class='ocrx_word' id='word_1_10' title='bbox 705 332 758 399; x_wconf 75' lang='grc' dir='ltr'><strong><em>καί</em></strong></span> <span class='ocrx_word' id='word_1_11' title='bbox 770 335 900 415; x_wconf 78' lang='grc' dir='ltr'><strong><em>πλῆθος</em></strong></span> <span class='ocrx_word' id='word_1_12' title='bbox 913 323 957 417; x_wconf 83' lang='grc' dir='ltr'><strong><em>ἦν</em></strong></span> <span class='ocrx_word' id='word_1_13' title='bbox 970 341 1118 416; x_wconf 83' lang='grc' dir='ltr'><strong><em>τηνικαῦ</em></strong></span> 
     </span>
     <span class='ocr_line' id='line_1_3' title="bbox 126 423 1137 516; baseline -0.007 -19"><span class='ocrx_word' id='word_1_14' title='bbox 126 456 168 498; x_wconf 92' lang='grc' dir='ltr'><strong><em>τα</em></strong></span> <span class='ocrx_word' id='word_1_15' title='bbox 179 435 238 514; x_wconf 91' lang='grc' dir='ltr'><strong><em>ἐτι,</em></strong></span> <span class='ocrx_word' id='word_1_16' title='bbox 255 426 300 508; x_wconf 78' lang='grc' dir='ltr'><strong><em>ὡς</em></strong></span> <span class='ocrx_word' id='word_1_17' title='bbox 311 426 375 516; x_wconf 75' lang='grc' dir='ltr'><strong><em>ἐγω</em></strong></span> <span class='ocrx_word' id='word_1_18' title='bbox 390 428 665 516; x_wconf 80' lang='grc' dir='ltr'><strong><em>συμβαλλόμενος</em></strong></span> <span class='ocrx_word' id='word_1_19' title='bbox 680 423 1137 512; x_wconf 65' lang='grc' dir='ltr'><strong><em>εὑρίσκωπόσονδεπῶνμὲν</em></strong></span> 
     </span>
     <span class='ocr_line' id='line_1_4' title="bbox 124 524 1137 614; baseline -0.007 -18"><span class='ocrx_word' id='word_1_20' title='bbox 124 529 164 596; x_wconf 90' lang='grc' dir='ltr'><strong><em>ἐκ</em></strong></span> <span class='ocrx_word' id='word_1_21' title='bbox 178 533 247 594; x_wconf 80' lang='grc' dir='ltr'><strong><em>τῶν</em></strong></span> <span class='ocrx_word' id='word_1_22' title='bbox 258 534 348 595; x_wconf 83' lang='grc' dir='ltr'><strong><em>υετὸν</em></strong></span> <span class='ocrx_word' id='word_1_23' title='bbox 358 534 427 595; x_wconf 78' lang='grc' dir='ltr'><strong><em>τῶν</em></strong></span> <span class='ocrx_word' id='word_1_24' title='bbox 440 529 477 595; x_wconf 88' lang='grc' dir='ltr'><strong><em>ἐκ</em></strong></span> <span class='ocrx_word' id='word_1_25' title='bbox 490 534 549 614; x_wconf 82' lang='grc' dir='ltr'><strong><em>τῆς</em></strong></span> <span class='ocrx_word' id='word_1_26' title='bbox 561 524 686 613; x_wconf 78' lang='grc' dir='ltr'><strong><em>Ἀσίης,</em></strong></span> <span class='ocrx_word' id='word_1_27' title='bbox 702 528 849 595; x_wconf 77' lang='grc' dir='ltr'><strong><em>ἐουσέων</em></strong></span> <span class='ocrx_word' id='word_1_28' title='bbox 860 524 940 594; x_wconf 79' lang='grc' dir='ltr'><strong><em>ἑπτά</em></strong></span> <span class='ocrx_word' id='word_1_29' title='bbox 951 527 1006 594; x_wconf 72' lang='grc' dir='ltr'><strong><em>καὶ</em></strong></span> <span class='ocrx_word' id='word_1_30' title='bbox 1018 528 1137 610; x_wconf 84' lang='grc' dir='ltr'><strong><em>διηκο-</em></strong></span> 
     </span>
     <span class='ocr_line' id='line_1_5' title="bbox 126 620 1136 711; baseline -0.006 -20"><span class='ocrx_word' id='word_1_31' title='bbox 126 631 211 692; x_wconf 83' lang='grc' dir='ltr'><strong><em>σίων</em></strong></span> <span class='ocrx_word' id='word_1_32' title='bbox 225 626 281 694; x_wconf 79' lang='grc' dir='ltr'><strong><em>καὶ</em></strong></span> <span class='ocrx_word' id='word_1_33' title='bbox 294 630 427 711; x_wconf 90' lang='grc' dir='ltr'><strong><em>χιλίων,</em></strong></span> <span class='ocrx_word' id='word_1_34' title='bbox 445 621 506 692; x_wconf 88' lang='grc' dir='ltr'><strong><em>τδν</em></strong></span> <span class='ocrx_word' id='word_1_35' title='bbox 521 627 584 711; x_wconf 75' lang='grc' dir='ltr'><strong><em>μέν</em></strong></span> <span class='ocrx_word' id='word_1_36' title='bbox 600 620 740 710; x_wconf 77' lang='grc' dir='ltr'><strong><em>άρχαλον</em></strong></span> <span class='ocrx_word' id='word_1_37' title='bbox 755 620 905 691; x_wconf 81' lang='grc' dir='ltr'><strong><em>ἑκάστων</em></strong></span> <span class='ocrx_word' id='word_1_38' title='bbox 918 627 987 690; x_wconf 80' lang='grc' dir='ltr'><strong><em>τῶν</em></strong></span> <span class='ocrx_word' id='word_1_39' title='bbox 1002 623 1136 688; x_wconf 87' lang='grc' dir='ltr'><strong><em>ἐθνέων</em></strong></span> 
     </span>
     <span class='ocr_line' id='line_1_6' title="bbox 127 715 1137 810; baseline -0.006 -21"><span class='ocrx_word' id='word_1_40' title='bbox 127 720 226 791; x_wconf 83' lang='grc' dir='ltr'><strong><em>ἐόντα</em></strong></span> <span class='ocrx_word' id='word_1_41' title='bbox 241 718 361 808; x_wconf 82' lang='grc' dir='ltr'><strong><em>ὅμιλον</em></strong></span> <span class='ocrx_word' id='word_1_42' title='bbox 376 723 533 810; x_wconf 78' lang='grc' dir='ltr'><strong><em>τέσσερας</em></strong></span> <span class='ocrx_word' id='word_1_43' title='bbox 547 722 603 790; x_wconf 78' lang='grc' dir='ltr'><strong><em>καὶ</em></strong></span> <span class='ocrx_word' id='word_1_44' title='bbox 617 731 722 790; x_wconf 76' lang='grc' dir='ltr'><strong><em>εἴκοσι</em></strong></span> <span class='ocrx_word' id='word_1_45' title='bbox 736 719 903 807; x_wconf 78' lang='grc' dir='ltr'><strong><em>μυριάδας</em></strong></span> <span class='ocrx_word' id='word_1_46' title='bbox 915 721 972 788; x_wconf 75' lang='grc' dir='ltr'><strong><em>καὶ</em></strong></span> <span class='ocrx_word' id='word_1_47' title='bbox 984 715 1069 803; x_wconf 81' lang='grc' dir='ltr'><strong><em>πρὸς</em></strong></span> <span class='ocrx_word' id='word_1_48' title='bbox 1084 744 1137 802; x_wconf 84' lang='grc' dir='ltr'><strong><em>χι-</em></strong></span> 
     </span>
     <span class='ocr_line' id='line_1_7' title="bbox 125 813 1137 906; baseline -0.006 -19"><span class='ocrx_word' id='word_1_49' title='bbox 125 817 227 887; x_wconf 87' lang='grc' dir='ltr'><strong><em>λιάδα</em></strong></span> <span class='ocrx_word' id='word_1_50' title='bbox 241 842 277 885; x_wconf 90' lang='grc' dir='ltr'><strong><em>τε</em></strong></span> <span class='ocrx_word' id='word_1_51' title='bbox 296 821 352 886; x_wconf 82' lang='grc' dir='ltr'><strong><em>καὶ</em></strong></span> <span class='ocrx_word' id='word_1_52' title='bbox 371 824 622 906; x_wconf 80' lang='grc' dir='ltr'><strong><em>τετρακοσίους,</em></strong></span> <span class='ocrx_word' id='word_1_53' title='bbox 645 815 690 896; x_wconf 83' lang='grc' dir='ltr'><strong><em>ὡς</em></strong></span> <span class='ocrx_word' id='word_1_54' title='bbox 709 813 775 885; x_wconf 86' lang='grc' dir='ltr'><strong><em>άνά</em></strong></span> <span class='ocrx_word' id='word_1_55' title='bbox 796 820 988 904; x_wconf 80' lang='grc' dir='ltr'><strong><em>διηκοσίους</em></strong></span> <span class='ocrx_word' id='word_1_56' title='bbox 1007 813 1137 899; x_wconf 73' lang='grc' dir='ltr'><strong><em>ἄνδρας</em></strong></span> 
     </span>
     <span class='ocr_line' id='line_1_8' title="bbox 125 916 1136 1009; baseline -0.004 -22"><span class='ocrx_word' id='word_1_57' title='bbox 125 920 369 1005; x_wconf 80' lang='grc' dir='ltr'><strong><em>λογιζομένοισι</em></strong></span> <span class='ocrx_word' id='word_1_58' title='bbox 385 922 455 989; x_wconf 88' lang='grc' dir='ltr'><strong><em>ἐν</em></strong></span> <span class='ocrx_word' id='word_1_59' title='bbox 437 920 559 1009; x_wconf 86' lang='grc' dir='ltr'><strong><em>εκάστη</em></strong></span> <span class='ocrx_word' id='word_1_60' title='bbox 572 925 639 1006; x_wconf 85' lang='grc' dir='ltr'><strong><em>νηί.</em></strong></span> <span class='ocrx_word' id='word_1_61' title='bbox 669 918 873 1006; x_wconf 83' lang='grc' dir='ltr'><strong><em>ἐπεβατευον</em></strong></span> <span class='ocrx_word' id='word_1_62' title='bbox 886 918 923 986; x_wconf 93' lang='grc' dir='ltr'><strong><em>δ</em></strong></span> <span class='ocrx_word' id='word_1_63' title='bbox 937 918 990 986; x_wconf 78' lang='grc' dir='ltr'><strong><em>ἐπὶ</em></strong></span> <span class='ocrx_word' id='word_1_64' title='bbox 1002 916 1136 985; x_wconf 84' lang='grc' dir='ltr'><strong><em>τούτων</em></strong></span> 
     </span>
     <span class='ocr_line' id='line_1_9' title="bbox 126 1014 1135 1133; baseline -0.005 -50"><span class='ocrx_word' id='word_1_65' title='bbox 126 1022 195 1084; x_wconf 77' lang='grc' dir='ltr'><strong><em>τῶν</em></strong></span> <span class='ocrx_word' id='word_1_66' title='bbox 216 1023 321 1103; x_wconf 76' lang='grc' dir='ltr'><strong><em>νεῶν,</em></strong></span> <span class='ocrx_word' id='word_1_67' title='bbox 349 1021 448 1104; x_wconf 79' lang='grc' dir='ltr'><strong><em>χωρὶς</em></strong></span> <span class='ocrx_word' id='word_1_68' title='bbox 471 1016 621 1086; x_wconf 88' lang='grc' dir='ltr'><strong><em>ἐκάστων</em></strong></span> <span class='ocrx_word' id='word_1_69' title='bbox 644 1024 714 1084; x_wconf 78' lang='grc' dir='ltr'><strong><em>τῶν</em></strong></span> <span class='ocrx_word' id='word_1_70' title='bbox 734 1019 919 1102; x_wconf 87' lang='grc' dir='ltr'><strong><em>ἐπιχωρίων</em></strong></span> <span class='ocrx_word' id='word_1_71' title='bbox 938 1014 1135 1133; x_wconf 76' lang='grc' dir='ltr'><strong><em>ἐπιβατέων,</em></strong></span> 
     </span>
     <span class='ocr_line' id='line_1_10' title="bbox 126 1101 1136 1202; baseline -0.004 -21"><span class='ocrx_word' id='word_1_72' title='bbox 126 1115 327 1197; x_wconf 87' lang='grc' dir='ltr'><strong><em>Περσέωυτε</em></strong></span> <span class='ocrx_word' id='word_1_73' title='bbox 335 1115 738 1202; x_wconf 80' lang='grc' dir='ltr'><strong><em>καλΜηδωνκαλΣακέων</em></strong></span> <span class='ocrx_word' id='word_1_74' title='bbox 747 1139 927 1200; x_wconf 86' lang='grc' dir='ltr'><strong><em>τριηκοντα</em></strong></span> <span class='ocrx_word' id='word_1_75' title='bbox 936 1111 1066 1200; x_wconf 82' lang='grc' dir='ltr'><strong><em>ανδρες</em></strong></span> <span class='ocrx_word' id='word_1_76' title='bbox 1078 1101 1136 1178; x_wconf 85' lang='grc' dir='ltr'><strong><em>οδ-</em></strong></span> 
     </span>
     <span class='ocr_line' id='line_1_11' title="bbox 126 1207 1136 1300; baseline -0.005 -23"><span class='ocrx_word' id='word_1_77' title='bbox 126 1236 183 1288; x_wconf 91' lang='grc' dir='ltr'><strong><em>τος</em></strong></span> <span class='ocrx_word' id='word_1_78' title='bbox 196 1207 297 1289; x_wconf 82' lang='grc' dir='ltr'><strong><em>άλλος</em></strong></span> <span class='ocrx_word' id='word_1_79' title='bbox 312 1208 428 1297; x_wconf 79' lang='grc' dir='ltr'><strong><em>ὅμιλος</em></strong></span> <span class='ocrx_word' id='word_1_80' title='bbox 442 1218 569 1298; x_wconf 89' lang='grc' dir='ltr'><strong><em>γίνεται</em></strong></span> <span class='ocrx_word' id='word_1_81' title='bbox 582 1212 774 1300; x_wconf 81' lang='grc' dir='ltr'><strong><em>τρισμύριοι</em></strong></span> <span class='ocrx_word' id='word_1_82' title='bbox 785 1214 841 1280; x_wconf 80' lang='grc' dir='ltr'><strong><em>καὶ</em></strong></span> <span class='ocrx_word' id='word_1_83' title='bbox 855 1213 1064 1295; x_wconf 77' lang='grc' dir='ltr'><strong><em>ἑξακισχίλιοι</em></strong></span> <span class='ocrx_word' id='word_1_84' title='bbox 1079 1207 1136 1273; x_wconf 77' lang='grc' dir='ltr'><strong><em>καὶ</em></strong></span> 
     </span>
     <span class='ocr_line' id='line_1_12' title="bbox 125 1305 1137 1430; baseline -0.004 -55"><span class='ocrx_word' id='word_1_85' title='bbox 125 1305 212 1392; x_wconf 89' lang='grc' dir='ltr'><strong><em>πρδς</em></strong></span> <span class='ocrx_word' id='word_1_86' title='bbox 225 1306 395 1430; x_wconf 82' lang='grc' dir='ltr'><strong><em>διηκόσιρί</em></strong></span> <span class='ocrx_word' id='word_1_87' title='bbox 406 1335 441 1376; x_wconf 88' lang='grc' dir='ltr'><strong><em>τε</em></strong></span> <span class='ocrx_word' id='word_1_88' title='bbox 457 1311 512 1378; x_wconf 79' lang='grc' dir='ltr'><strong><em>καλ</em></strong></span> <span class='ocrx_word' id='word_1_89' title='bbox 526 1313 615 1378; x_wconf 84' lang='grc' dir='ltr'><strong><em>δέκα.</em></strong></span> <span class='ocrx_word' id='word_1_90' title='bbox 639 1310 824 1397; x_wconf 81' lang='grc' dir='ltr'><strong><em>προσθήσω</em></strong></span> <span class='ocrx_word' id='word_1_91' title='bbox 839 1305 872 1376; x_wconf 89' lang='grc' dir='ltr'><strong><em>δ’</em></strong></span> <span class='ocrx_word' id='word_1_92' title='bbox 892 1314 940 1377; x_wconf 86' lang='grc' dir='ltr'><strong><em>ἐτι</em></strong></span> <span class='ocrx_word' id='word_1_93' title='bbox 955 1305 1064 1396; x_wconf 75' lang='grc' dir='ltr'><strong><em>τούτῳ</em></strong></span> <span class='ocrx_word' id='word_1_94' title='bbox 1079 1308 1137 1372; x_wconf 78' lang='grc' dir='ltr'><strong><em>καὶ</em></strong></span> 
     </span>
     <span class='ocr_line' id='line_1_13' title="bbox 127 1399 1142 1529; baseline -0.006 -57"><span class='ocrx_word' id='word_1_95' title='bbox 127 1433 172 1496; x_wconf 79' lang='grc' dir='ltr'><strong><em>τῳ</em></strong></span> <span class='ocrx_word' id='word_1_96' title='bbox 158 1407 340 1492; x_wconf 77' lang='grc' dir='ltr'><strong><em>’προτέρω</em></strong></span> <span class='ocrx_word' id='word_1_97' title='bbox 355 1402 491 1529; x_wconf 80' lang='grc' dir='ltr'><strong><em>άριθμῷ</em></strong></span> <span class='ocrx_word' id='word_1_98' title='bbox 504 1404 584 1485; x_wconf 82' lang='grc' dir='ltr'><strong><em>τούς</em></strong></span> <span class='ocrx_word' id='word_1_99' title='bbox 570 1409 636 1475; x_wconf 91' lang='grc' dir='ltr'><strong><em>ἐκ</em></strong></span> <span class='ocrx_word' id='word_1_100' title='bbox 651 1433 720 1475; x_wconf 92' lang='grc' dir='ltr'><strong><em>των</em></strong></span> <span class='ocrx_word' id='word_1_101' title='bbox 734 1405 1017 1490; x_wconf 79' lang='grc' dir='ltr'><strong><em>πεντηκοντέρων,</em></strong></span> <span class='ocrx_word' id='word_1_102' title='bbox 1035 1399 1142 1485; x_wconf 91' lang='grc' dir='ltr'><strong><em>ποιη-</em></strong></span> 
     </span>
     <span class='ocr_line' id='line_1_14' title="bbox 127 1497 1139 1617; baseline -0.009 -44"><span class='ocrx_word' id='word_1_103' title='bbox 127 1526 188 1582; x_wconf 90' lang='grc' dir='ltr'><strong><em>σας</em></strong></span> <span class='ocrx_word' id='word_1_104' title='bbox 204 1502 225 1572; x_wconf 88' lang='lat'><strong><em>6</em></strong></span> <span class='ocrx_word' id='word_1_105' title='bbox 240 1529 271 1572; x_wconf 93' lang='grc' dir='ltr'><strong><em>τι</em></strong></span> <span class='ocrx_word' id='word_1_106' title='bbox 286 1498 427 1574; x_wconf 90' lang='grc' dir='ltr'><strong><em>πλέον</em></strong></span> <span class='ocrx_word' id='word_1_107' title='bbox 404 1532 449 1590; x_wconf 91' lang='grc' dir='ltr'><strong><em>ην</em></strong></span> <span class='ocrx_word' id='word_1_108' title='bbox 465 1532 579 1573; x_wconf 88' lang='grc' dir='ltr'><strong><em>αυτων</em></strong></span> <span class='ocrx_word' id='word_1_109' title='bbox 593 1531 614 1590; x_wconf 89' lang='grc' dir='ltr'><strong><em>η</em></strong></span> <span class='ocrx_word' id='word_1_110' title='bbox 599 1502 817 1589; x_wconf 79' lang='grc' dir='ltr'><strong><em>ἔλασσον,’</em></strong></span> <span class='ocrx_word' id='word_1_111' title='bbox 796 1529 838 1570; x_wconf 92' lang='grc' dir='ltr'><strong><em>αν</em></strong></span> <span class='ocrx_word' id='word_1_112' title='bbox 841 1497 1098 1617; x_wconf 64' lang='grc' dir='ltr'><strong><em>’δγδράκοντα’</em></strong></span> <span class='ocrx_word' id='word_1_113' title='bbox 1074 1525 1139 1564; x_wconf 83' lang='grc' dir='ltr'><strong><em>αν-</em></strong></span> 
     </span>
     <span class='ocr_line' id='line_1_15' title="bbox 128 1594 1138 1689; baseline -0.008 -19"><span class='ocrx_word' id='word_1_114' title='bbox 128 1608 209 1689; x_wconf 85' lang='grc' dir='ltr'><strong><em>δρας</em></strong></span> <span class='ocrx_word' id='word_1_115' title='bbox 223 1603 357 1670; x_wconf 70' lang='grc' dir='ltr'><strong><em>ἐνεῖναι.</em></strong></span> <span class='ocrx_word' id='word_1_116' title='bbox 380 1601 616 1688; x_wconf 75' lang='grc' dir='ltr'><strong><em>συνελέχθηδὲ</em></strong></span> <span class='ocrx_word' id='word_1_117' title='bbox 629 1609 784 1670; x_wconf 84' lang='grc' dir='ltr'><strong><em>ταῦτατα</em></strong></span> <span class='ocrx_word' id='word_1_118' title='bbox 772 1598 908 1686; x_wconf 77' lang='grc' dir='ltr'><strong><em>πλοῖα,</em></strong></span> <span class='ocrx_word' id='word_1_119' title='bbox 924 1594 968 1676; x_wconf 82' lang='grc' dir='ltr'><strong><em>ὡς</em></strong></span> <span class='ocrx_word' id='word_1_120' title='bbox 982 1595 1138 1682; x_wconf 80' lang='grc' dir='ltr'><strong><em>καὶπρό-</em></strong></span> 
     </span>
     <span class='ocr_line' id='line_1_16' title="bbox 127 1691 1137 1788; baseline -0.007 -21"><span class='ocrx_word' id='word_1_121' title='bbox 127 1697 227 1785; x_wconf 87' lang='grc' dir='ltr'><strong><em>τερδν</em></strong></span> <span class='ocrx_word' id='word_1_122' title='bbox 241 1724 298 1785; x_wconf 93' lang='grc' dir='ltr'><strong><em>μοι</em></strong></span> <span class='ocrx_word' id='word_1_123' title='bbox 313 1700 446 1787; x_wconf 77' lang='grc' dir='ltr'><strong><em>εἰρέθη,</em></strong></span> <span class='ocrx_word' id='word_1_124' title='bbox 467 1704 638 1788; x_wconf 87' lang='grc' dir='ltr'><strong><em>τρισχίλια.</em></strong></span> <span class='ocrx_word' id='word_1_125' title='bbox 669 1698 733 1788; x_wconf 83' lang='grc' dir='ltr'><strong><em>ἥδη</em></strong></span> <span class='ocrx_word' id='word_1_126' title='bbox 755 1692 804 1766; x_wconf 78' lang='grc' dir='ltr'><strong><em>ὦν</em></strong></span> <span class='ocrx_word' id='word_1_127' title='bbox 821 1691 978 1783; x_wconf 77' lang='grc' dir='ltr'><strong><em>ἄνδρες</em></strong></span> <span class='ocrx_word' id='word_1_128' title='bbox 957 1719 1000 1761; x_wconf 89' lang='grc' dir='ltr'><strong><em>αν</em></strong></span> <span class='ocrx_word' id='word_1_129' title='bbox 1015 1691 1085 1761; x_wconf 79' lang='grc' dir='ltr'><strong><em>εἶεν</em></strong></span> <span class='ocrx_word' id='word_1_130' title='bbox 1100 1696 1137 1761; x_wconf 84' lang='grc' dir='ltr'><strong><em>ἐν</em></strong></span> 
     </span>
     <span class='ocr_line' id='line_1_17' title="bbox 126 1790 1134 1922; baseline -0.007 -57"><span class='ocrx_word' id='word_1_131' title='bbox 126 1793 258 1865; x_wconf 76' lang='grc' dir='ltr'><strong><em>αδτοίσι</em></strong></span> <span class='ocrx_word' id='word_1_132' title='bbox 274 1799 426 1885; x_wconf 84' lang='grc' dir='ltr'><strong><em>τέσσερες</em></strong></span> <span class='ocrx_word' id='word_1_133' title='bbox 440 1799 602 1922; x_wconf 84' lang='grc' dir='ltr'><strong><em>μυριάδες</em></strong></span> <span class='ocrx_word' id='word_1_134' title='bbox 615 1801 671 1868; x_wconf 81' lang='grc' dir='ltr'><strong><em>καὶ</em></strong></span> <span class='ocrx_word' id='word_1_135' title='bbox 686 1808 800 1867; x_wconf 75' lang='grc' dir='ltr'><strong><em>εἴκοσι.</em></strong></span> <span class='ocrx_word' id='word_1_136' title='bbox 823 1803 922 1865; x_wconf 84' lang='grc' dir='ltr'><strong><em>τοῦτο</em></strong></span> <span class='ocrx_word' id='word_1_137' title='bbox 937 1797 1000 1912; x_wconf 81' lang='grc' dir='ltr'><strong><em>μέν</em></strong></span> <span class='ocrx_word' id='word_1_138' title='bbox 1013 1819 1081 1860; x_wconf 90' lang='grc' dir='ltr'><strong><em>νυν</em></strong></span> <span class='ocrx_word' id='word_1_139' title='bbox 1096 1790 1134 1859; x_wconf 89' lang='grc' dir='ltr'>τό</span> 
     </span>
     <span class='ocr_line' id='line_1_18' title="bbox 126 1890 1136 1985; baseline -0.011 -20"><span class='ocrx_word' id='word_1_140' title='bbox 126 1899 217 1965; x_wconf 87' lang='grc' dir='ltr'><strong><em>ἐκ</em></strong></span> <span class='ocrx_word' id='word_1_141' title='bbox 177 1922 235 1983; x_wconf 92' lang='grc' dir='ltr'><strong><em>της</em></strong></span> <span class='ocrx_word' id='word_1_142' title='bbox 245 1893 354 1982; x_wconf 87' lang='grc' dir='ltr'><strong><em>Ἀσίης</em></strong></span> <span class='ocrx_word' id='word_1_143' title='bbox 367 1895 529 1965; x_wconf 78' lang='grc' dir='ltr'><strong><em>ναυτικὸν</em></strong></span> <span class='ocrx_word' id='word_1_144' title='bbox 543 1890 604 1985; x_wconf 81' lang='grc' dir='ltr'><strong><em>ἦν,</em></strong></span> <span class='ocrx_word' id='word_1_145' title='bbox 622 1895 760 1983; x_wconf 81' lang='grc' dir='ltr'><strong><em>σύμπαν</em></strong></span> <span class='ocrx_word' id='word_1_146' title='bbox 775 1892 832 1963; x_wconf 87' lang='grc' dir='ltr'><strong><em>έδν</em></strong></span> <span class='ocrx_word' id='word_1_147' title='bbox 846 1892 1055 1979; x_wconf 83' lang='grc' dir='ltr'><strong><em>πεντήκοντα</em></strong></span> <span class='ocrx_word' id='word_1_148' title='bbox 1070 1915 1136 1975; x_wconf 83' lang='grc' dir='ltr'><strong><em>μυ·</em></strong></span> 
     </span>
     <span class='ocr_line' id='line_1_19' title="bbox 127 1984 1134 2081; baseline -0.01 -19"><span class='ocrx_word' id='word_1_149' title='bbox 127 1995 241 2081; x_wconf 85' lang='grc' dir='ltr'><strong><em>ριάδες</em></strong></span> <span class='ocrx_word' id='word_1_150' title='bbox 256 1995 311 2060; x_wconf 82' lang='grc' dir='ltr'><strong><em>καὶ</em></strong></span> <span class='ocrx_word' id='word_1_151' title='bbox 325 1998 402 2080; x_wconf 85' lang='grc' dir='ltr'><strong><em>μία,</em></strong></span> <span class='ocrx_word' id='word_1_152' title='bbox 426 1994 570 2079; x_wconf 76' lang='grc' dir='ltr'><strong><em>χιλιάδες</em></strong></span> <span class='ocrx_word' id='word_1_153' title='bbox 583 2020 620 2063; x_wconf 87' lang='grc' dir='ltr'><strong><em>τε</em></strong></span> <span class='ocrx_word' id='word_1_154' title='bbox 635 2000 741 2064; x_wconf 76' lang='grc' dir='ltr'><strong><em>ἔπεισι</em></strong></span> <span class='ocrx_word' id='word_1_155' title='bbox 756 1995 808 2062; x_wconf 78' lang='grc' dir='ltr'><strong><em>ἐπὶ</em></strong></span> <span class='ocrx_word' id='word_1_156' title='bbox 828 1991 967 2079; x_wconf 81' lang='grc' dir='ltr'><strong><em>ταύτησι</em></strong></span> <span class='ocrx_word' id='word_1_157' title='bbox 982 1991 1064 2056; x_wconf 85' lang='grc' dir='ltr'><strong><em>ἑπτα</em></strong></span> <span class='ocrx_word' id='word_1_158' title='bbox 1052 1984 1134 2053; x_wconf 76' lang='grc' dir='ltr'><strong><em>κα&gt;</em></strong></span> 
     </span>
     <span class='ocr_line' id='line_1_20' title="bbox 127 2087 1137 2176; baseline -0.008 -16"><span class='ocrx_word' id='word_1_159' title='bbox 127 2088 212 2175; x_wconf 82' lang='grc' dir='ltr'><strong><em>πρὸς</em></strong></span> <span class='ocrx_word' id='word_1_160' title='bbox 226 2091 442 2170; x_wconf 76' lang='grc' dir='ltr'><strong><em>ἑκατοντάδες</em></strong></span> <span class='ocrx_word' id='word_1_161' title='bbox 453 2095 487 2172; x_wconf 69' lang='lat'><strong><em>6</em></strong></span> <span class='ocrx_word' id='word_1_162' title='bbox 499 2095 554 2161; x_wconf 82' lang='grc' dir='ltr'><strong><em>καὶ</em></strong></span> <span class='ocrx_word' id='word_1_163' title='bbox 566 2093 673 2173; x_wconf 87' lang='grc' dir='ltr'><strong><em>δεκάς.</em></strong></span> <span class='ocrx_word' id='word_1_164' title='bbox 696 2094 805 2163; x_wconf 71' lang='grc' dir='ltr'><strong><em>τοῦδέ</em></strong></span> <span class='ocrx_word' id='word_1_165' title='bbox 816 2096 917 2172; x_wconf 84' lang='grc' dir='ltr'><strong><em>πεζοῦ</em></strong></span> <span class='ocrx_word' id='word_1_166' title='bbox 928 2087 1137 2176; x_wconf 83' lang='grc' dir='ltr'><strong><em>ἐβδομήκον-</em></strong></span> 
     </span>
     <span class='ocr_line' id='line_1_21' title="bbox 126 2179 1135 2309; baseline -0.007 -53"><span class='ocrx_word' id='word_1_167' title='bbox 126 2213 168 2256; x_wconf 92' lang='grc' dir='ltr'><strong><em>τα</em></strong></span> <span class='ocrx_word' id='word_1_168' title='bbox 183 2188 238 2255; x_wconf 76' lang='grc' dir='ltr'><strong><em>καὶ</em></strong></span> <span class='ocrx_word' id='word_1_169' title='bbox 259 2184 380 2256; x_wconf 84' lang='grc' dir='ltr'><strong><em>έκατδν</em></strong></span> <span class='ocrx_word' id='word_1_170' title='bbox 394 2190 556 2276; x_wconf 79' lang='grc' dir='ltr'><strong><em>μυριάδες</em></strong></span> <span class='ocrx_word' id='word_1_171' title='bbox 572 2193 740 2278; x_wconf 84' lang='grc' dir='ltr'><strong><em>ἐγίνοντο,</em></strong></span> <span class='ocrx_word' id='word_1_172' title='bbox 762 2215 833 2309; x_wconf 87' lang='grc' dir='ltr'><strong><em>των</em></strong></span> <span class='ocrx_word' id='word_1_173' title='bbox 847 2190 883 2256; x_wconf 79' lang='grc' dir='ltr'><strong><em>δὲ</em></strong></span> <span class='ocrx_word' id='word_1_174' title='bbox 901 2179 1064 2255; x_wconf 85' lang='grc' dir='ltr'><strong><em>ιππέων’</em></strong></span> <span class='ocrx_word' id='word_1_175' title='bbox 1048 2180 1135 2251; x_wconf 77' lang='grc' dir='ltr'><strong><em>οκτώ</em></strong></span> 
     </span>
     <span class='ocr_line' id='line_1_22' title="bbox 127 2283 1136 2374; baseline 0.005 -20"><span class='ocrx_word' id='word_1_176' title='bbox 127 2284 296 2374; x_wconf 85' lang='grc' dir='ltr'><strong><em>μυριάδες.</em></strong></span> <span class='ocrx_word' id='word_1_177' title='bbox 319 2288 504 2374; x_wconf 90' lang='grc' dir='ltr'><strong><em>προσθησω</em></strong></span> <span class='ocrx_word' id='word_1_178' title='bbox 519 2288 552 2356; x_wconf 90' lang='grc' dir='ltr'><strong><em>δ</em></strong></span> <span class='ocrx_word' id='word_1_179' title='bbox 569 2297 617 2359; x_wconf 79' lang='grc' dir='ltr'><strong><em>ἔτι</em></strong></span> <span class='ocrx_word' id='word_1_180' title='bbox 633 2290 782 2359; x_wconf 82' lang='grc' dir='ltr'><strong><em>τούτοισι</em></strong></span> <span class='ocrx_word' id='word_1_181' title='bbox 796 2283 855 2367; x_wconf 84' lang='grc' dir='ltr'><strong><em>τάς</em></strong></span> <span class='ocrx_word' id='word_1_182' title='bbox 870 2283 1040 2373; x_wconf 79' lang='grc' dir='ltr'><strong><em>καμήλους</em></strong></span> <span class='ocrx_word' id='word_1_183' title='bbox 1056 2307 1136 2359; x_wconf 75' lang='grc' dir='ltr'><strong><em>τους</em></strong></span> 
     </span>
     <span class='ocr_line' id='line_1_23' title="bbox 128 2383 1138 2475; baseline 0.007 -22"><span class='ocrx_word' id='word_1_184' title='bbox 128 2383 353 2464; x_wconf 86' lang='grc' dir='ltr'><strong><em>ἐλαύνοντας’</em></strong></span> <span class='ocrx_word' id='word_1_185' title='bbox 347 2394 520 2475; x_wconf 83' lang='grc' dir='ltr'><strong><em>Αραβίους</em></strong></span> <span class='ocrx_word' id='word_1_186' title='bbox 533 2392 589 2457; x_wconf 78' lang='grc' dir='ltr'><strong><em>καί</em></strong></span> <span class='ocrx_word' id='word_1_187' title='bbox 602 2387 682 2468; x_wconf 84' lang='grc' dir='ltr'><strong><em>τοδς</em></strong></span> <span class='ocrx_word' id='word_1_188' title='bbox 697 2385 736 2457; x_wconf 82' lang='grc' dir='ltr'><strong><em>τά</em></strong></span> <span class='ocrx_word' id='word_1_189' title='bbox 751 2384 882 2475; x_wconf 77' lang='grc' dir='ltr'><strong><em>ἅρματα</em></strong></span> <span class='ocrx_word' id='word_1_190' title='bbox 896 2390 1035 2471; x_wconf 72' lang='grc' dir='ltr'><strong><em>Λίβυας,</em></strong></span> <span class='ocrx_word' id='word_1_191' title='bbox 1051 2385 1138 2463; x_wconf 70' lang='grc' dir='ltr'><strong><em>πδῆ·</em></strong></span> 
     </span>
     <span class='ocr_line' id='line_1_24' title="bbox 126 2483 1138 2576; baseline -0.01 -23"><span class='ocrx_word' id='word_1_192' title='bbox 126 2495 191 2563; x_wconf 86' lang='grc' dir='ltr'><strong><em>θος</em></strong></span> <span class='ocrx_word' id='word_1_193' title='bbox 201 2483 342 2570; x_wconf 84' lang='grc' dir='ltr'><strong><em>ποιήσας</em></strong></span> <span class='ocrx_word' id='word_1_194' title='bbox 354 2490 550 2575; x_wconf 88' lang='grc' dir='ltr'><strong><em>δισμυρίους</em></strong></span> <span class='ocrx_word' id='word_1_195' title='bbox 561 2488 695 2576; x_wconf 74' lang='grc' dir='ltr'><strong><em>ἄνδρας.</em></strong></span> <span class='ocrx_word' id='word_1_196' title='bbox 709 2491 765 2558; x_wconf 81' lang='grc' dir='ltr'><strong><em>καὶ</em></strong></span> <span class='ocrx_word' id='word_1_197' title='bbox 776 2485 816 2574; x_wconf 84' lang='lat'><strong><em>66</em></strong></span> <span class='ocrx_word' id='word_1_198' title='bbox 825 2486 864 2554; x_wconf 88' lang='grc' dir='ltr'><strong><em>τό</em></strong></span> <span class='ocrx_word' id='word_1_199' title='bbox 874 2510 910 2553; x_wconf 91' lang='grc' dir='ltr'><strong><em>τε</em></strong></span> <span class='ocrx_word' id='word_1_200' title='bbox 921 2487 957 2550; x_wconf 87' lang='grc' dir='ltr'><strong><em>ἐκ</em></strong></span> <span class='ocrx_word' id='word_1_201' title='bbox 969 2487 1035 2548; x_wconf 79' lang='grc' dir='ltr'><strong><em>τῶν</em></strong></span> <span class='ocrx_word' id='word_1_202' title='bbox 1047 2484 1138 2546; x_wconf 78' lang='grc' dir='ltr'><strong><em>νεῶν</em></strong></span> 
     </span>
     <span class='ocr_line' id='line_1_25' title="bbox 127 2578 1137 2676; baseline -0.012 -22"><span class='ocrx_word' id='word_1_203' title='bbox 127 2589 183 2655; x_wconf 80' lang='grc' dir='ltr'><strong><em>καὶ</em></strong></span> <span class='ocrx_word' id='word_1_204' title='bbox 197 2611 259 2654; x_wconf 92' lang='grc' dir='ltr'><strong><em>του</em></strong></span> <span class='ocrx_word' id='word_1_205' title='bbox 244 2591 371 2667; x_wconf 85' lang='grc' dir='ltr'><strong><em>πεζοῦ</em></strong></span> <span class='ocrx_word' id='word_1_206' title='bbox 381 2596 513 2675; x_wconf 84' lang='grc' dir='ltr'><strong><em>πλῆθος</em></strong></span> <span class='ocrx_word' id='word_1_207' title='bbox 525 2593 770 2676; x_wconf 75' lang='grc' dir='ltr'><strong><em>συντιθέμενον</em></strong></span> <span class='ocrx_word' id='word_1_208' title='bbox 781 2593 908 2674; x_wconf 89' lang='grc' dir='ltr'><strong><em>γίνεται</em></strong></span> <span class='ocrx_word' id='word_1_209' title='bbox 922 2578 1094 2666; x_wconf 85' lang='grc' dir='ltr'><strong><em>διηκόσιαί</em></strong></span> <span class='ocrx_word' id='word_1_210' title='bbox 1102 2603 1137 2644; x_wconf 92' lang='grc' dir='ltr'><strong><em>τε</em></strong></span> 
     </span>
     <span class='ocr_line' id='line_1_26' title="bbox 128 2670 1136 2773; baseline -0.01 -23"><span class='ocrx_word' id='word_1_211' title='bbox 128 2683 289 2768; x_wconf 89' lang='grc' dir='ltr'><strong><em>μυριάδες</em></strong></span> <span class='ocrx_word' id='word_1_212' title='bbox 304 2686 359 2751; x_wconf 78' lang='grc' dir='ltr'><strong><em>καὶ</em></strong></span> <span class='ocrx_word' id='word_1_213' title='bbox 378 2685 558 2772; x_wconf 79' lang='grc' dir='ltr'><strong><em>τριήκοντα</em></strong></span> <span class='ocrx_word' id='word_1_214' title='bbox 578 2690 633 2755; x_wconf 78' lang='grc' dir='ltr'><strong><em>καὶ</em></strong></span> <span class='ocrx_word' id='word_1_215' title='bbox 650 2692 709 2773; x_wconf 87' lang='grc' dir='ltr'><strong><em>μία</em></strong></span> <span class='ocrx_word' id='word_1_216' title='bbox 726 2688 781 2754; x_wconf 77' lang='grc' dir='ltr'><strong><em>καί</em></strong></span> <span class='ocrx_word' id='word_1_217' title='bbox 795 2681 879 2772; x_wconf 89' lang='grc' dir='ltr'><strong><em>πρδς</em></strong></span> <span class='ocrx_word' id='word_1_218' title='bbox 893 2678 1071 2767; x_wconf 73' lang='grc' dir='ltr'><strong><em>χιλιάδες’</em></strong></span> <span class='ocrx_word' id='word_1_219' title='bbox 1054 2670 1136 2742; x_wconf 87' lang='grc' dir='ltr'><strong><em>επτά</em></strong></span> 
     </span>
     <span class='ocr_line' id='line_1_27' title="bbox 127 2771 1137 2868; baseline -0.001 -19"><span class='ocrx_word' id='word_1_220' title='bbox 127 2783 183 2849; x_wconf 79' lang='grc' dir='ltr'><strong><em>καὶ</em></strong></span> <span class='ocrx_word' id='word_1_221' title='bbox 199 2781 415 2860; x_wconf 77' lang='grc' dir='ltr'><strong><em>ἑκατοντάδες</em></strong></span> <span class='ocrx_word' id='word_1_222' title='bbox 429 2785 461 2862; x_wconf 75' lang='grc' dir='ltr'><strong><em>ἓξ</em></strong></span> <span class='ocrx_word' id='word_1_223' title='bbox 474 2784 530 2852; x_wconf 80' lang='grc' dir='ltr'><strong><em>καὶ</em></strong></span> <span class='ocrx_word' id='word_1_224' title='bbox 544 2784 651 2863; x_wconf 86' lang='grc' dir='ltr'><strong><em>δεκάς.</em></strong></span> <span class='ocrx_word' id='word_1_225' title='bbox 676 2791 776 2852; x_wconf 81' lang='grc' dir='ltr'><strong><em>τοῦτο</em></strong></span> <span class='ocrx_word' id='word_1_226' title='bbox 790 2786 830 2868; x_wconf 74' lang='grc' dir='ltr'><strong><em>μέ</em></strong></span> <span class='ocrx_word' id='word_1_227' title='bbox 831 2807 852 2847; x_wconf 93' lang='grc' dir='ltr'><strong><em>ν</em></strong></span> <span class='ocrx_word' id='word_1_228' title='bbox 862 2805 899 2847; x_wconf 92' lang='grc' dir='ltr'><strong><em>το</em></strong></span> <span class='ocrx_word' id='word_1_229' title='bbox 889 2776 946 2856; x_wconf 83' lang='grc' dir='ltr'><strong><em>ἐξ</em></strong></span> <span class='ocrx_word' id='word_1_230' title='bbox 961 2771 1064 2858; x_wconf 76' lang='grc' dir='ltr'><strong><em>αὐτῆς</em></strong></span> <span class='ocrx_word' id='word_1_231' title='bbox 1078 2777 1137 2856; x_wconf 67' lang='grc' dir='ltr'><strong><em>τῆς</em></strong></span> 
     </span>
     <span class='ocr_line' id='line_1_28' title="bbox 124 2877 1138 2969; baseline -0.015 -20.955"><span class='ocrx_word' id='word_1_232' title='bbox 124 2879 233 2964; x_wconf 88' lang='grc' dir='ltr'><strong><em>Ἀσίης</em></strong></span> <span class='ocrx_word' id='word_1_233' title='bbox 248 2878 436 2966; x_wconf 88' lang='grc' dir='ltr'><strong><em>στράτευμα</em></strong></span> <span class='ocrx_word' id='word_1_234' title='bbox 451 2882 635 2969; x_wconf 74' lang='grc' dir='ltr'><strong><em>ἐξαναχθὲν</em></strong></span> <span class='ocrx_word' id='word_1_235' title='bbox 649 2891 793 2969; x_wconf 81' lang='grc' dir='ltr'><strong><em>είρηται,</em></strong></span> <span class='ocrx_word' id='word_1_236' title='bbox 808 2877 892 2946; x_wconf 77' lang='grc' dir='ltr'><strong><em>ἄνευ</em></strong></span> <span class='ocrx_word' id='word_1_237' title='bbox 906 2900 941 2942; x_wconf 84' lang='grc' dir='ltr'><strong><em>τι</em></strong></span> <span class='ocrx_word' id='word_1_238' title='bbox 956 2877 1014 2957; x_wconf 78' lang='grc' dir='ltr'><strong><em>τῆς</em></strong></span> <span class='ocrx_word' id='word_1_239' title='bbox 1029 2879 1138 2955; x_wconf 87' lang='grc' dir='ltr'><strong><em>θερα-</em></strong></span> 
     </span>
     <span class='ocr_line' id='line_1_29' title="bbox 127 2962 1138 3100; baseline -0.016 -56"><span class='ocrx_word' id='word_1_240' title='bbox 127 2982 281 3062; x_wconf 88' lang='grc' dir='ltr'><strong><em>πηίης</em></strong></span> <span class='ocrx_word' id='word_1_241' title='bbox 241 3002 299 3061; x_wconf 93' lang='grc' dir='ltr'><strong><em>της</em></strong></span> <span class='ocrx_word' id='word_1_242' title='bbox 313 2978 475 3100; x_wconf 81' lang='grc' dir='ltr'><strong><em>έπρμένης</em></strong></span> <span class='ocrx_word' id='word_1_243' title='bbox 490 2983 627 3048; x_wconf 79' lang='grc' dir='ltr'><strong><em>καὶτῶν</em></strong></span> <span class='ocrx_word' id='word_1_244' title='bbox 642 2985 837 3066; x_wconf 76' lang='grc' dir='ltr'><strong><em>σιταγωγῶν</em></strong></span> <span class='ocrx_word' id='word_1_245' title='bbox 849 2977 977 3043; x_wconf 87' lang='grc' dir='ltr'><strong><em>πλοίων</em></strong></span> <span class='ocrx_word' id='word_1_246' title='bbox 990 2962 1083 3034; x_wconf 79' lang='grc' dir='ltr'><strong><em>καὶ</em></strong></span> <span class='ocrx_word' id='word_1_247' title='bbox 1061 2983 1138 3031; x_wconf 92' lang='grc' dir='ltr'><strong><em>οσοι</em></strong></span> 
     </span>
     <span class='ocr_line' id='line_1_30' title="bbox 62 3064 1138 3189; baseline 0.008 -45"><span class='ocrx_word' id='word_1_248' title='bbox 62 3091 109 3146; x_wconf 76' lang='grc'><strong><em>185</em></strong></span> <span class='ocrx_word' id='word_1_249' title='bbox 126 3078 296 3145; x_wconf 87' lang='grc' dir='ltr'><strong><em>ἐνέπλωον</em></strong></span> <span class='ocrx_word' id='word_1_250' title='bbox 306 3075 464 3145; x_wconf 89' lang='grc' dir='ltr'><strong><em>τουτοισι.</em></strong></span> <span class='ocrx_word' id='word_1_251' title='bbox 490 3076 536 3146; x_wconf 90' lang='grc' dir='ltr'><strong><em>Τδ</em></strong></span> <span class='ocrx_word' id='word_1_252' title='bbox 551 3080 588 3147; x_wconf 72' lang='grc' dir='ltr'><strong><em>δὲ</em></strong></span> <span class='ocrx_word' id='word_1_253' title='bbox 601 3075 642 3166; x_wconf 85' lang='lat'><strong><em>66</em></strong></span> <span class='ocrx_word' id='word_1_254' title='bbox 658 3082 749 3147; x_wconf 89' lang='grc' dir='ltr'><strong><em>ἐκ</em></strong></span> <span class='ocrx_word' id='word_1_255' title='bbox 710 3106 768 3165; x_wconf 85' lang='grc' dir='ltr'><strong><em>της</em></strong></span> <span class='ocrx_word' id='word_1_256' title='bbox 784 3073 950 3189; x_wconf 66' lang='grc' dir='ltr'><strong><em>Εὐρώπης</em></strong></span> <span class='ocrx_word' id='word_1_257' title='bbox 966 3064 1138 3152; x_wconf 64' lang='grc' dir='ltr'><strong><em>ἆλθμένον</em></strong></span> 
     </span>
     <span class='ocr_line' id='line_1_31' title="bbox 77 3171 1138 3287; baseline -0.004 -46.802"><span class='ocrx_word' id='word_1_258' title='bbox 77 3173 316 3259; x_wconf 82' lang='grc' dir='ltr'><strong><em>στράτευμα</em></strong></span> <span class='ocrx_word' id='word_1_259' title='bbox 330 3177 378 3241; x_wconf 82' lang='grc' dir='ltr'><strong><em>ἐτι</em></strong></span> <span class='ocrx_word' id='word_1_260' title='bbox 392 3177 635 3262; x_wconf 87' lang='grc' dir='ltr'><strong><em>προσλογιστέα</em></strong></span> <span class='ocrx_word' id='word_1_261' title='bbox 648 3177 757 3267; x_wconf 83' lang='grc' dir='ltr'><strong><em>τούτω</em></strong></span> <span class='ocrx_word' id='word_1_262' title='bbox 771 3175 871 3243; x_wconf 84' lang='grc' dir='ltr'><strong><em>παντὶ</em></strong></span> <span class='ocrx_word' id='word_1_263' title='bbox 885 3176 931 3261; x_wconf 78' lang='grc' dir='ltr'><strong><em>τῷ</em></strong></span> <span class='ocrx_word' id='word_1_264' title='bbox 952 3171 1138 3287; x_wconf 76' lang='grc' dir='ltr'><strong><em>ἐξηριθμ--η</em></strong></span> 
     </span>
     <span class='ocr_line' id='line_1_32' title="bbox 127 3258 1139 3359; baseline -0.008 -24"><span class='ocrx_word' id='word_1_265' title='bbox 127 3272 232 3358; x_wconf 83' lang='grc' dir='ltr'><strong><em>μένρι·</em></strong></span> <span class='ocrx_word' id='word_1_266' title='bbox 249 3268 437 3354; x_wconf 74' lang='grc' dir='ltr'><strong><em>δόκησινδέ</em></strong></span> <span class='ocrx_word' id='word_1_267' title='bbox 459 3275 514 3339; x_wconf 77' lang='grc' dir='ltr'><strong><em>δεῖ</em></strong></span> <span class='ocrx_word' id='word_1_268' title='bbox 529 3276 648 3358; x_wconf 88' lang='grc' dir='ltr'><strong><em>λέγειν.</em></strong></span> <span class='ocrx_word' id='word_1_269' title='bbox 671 3276 749 3351; x_wconf 87' lang='grc' dir='ltr'><strong><em>νέας</em></strong></span> <span class='ocrx_word' id='word_1_270' title='bbox 761 3275 824 3359; x_wconf 92' lang='grc' dir='ltr'><strong><em>μέν</em></strong></span> <span class='ocrx_word' id='word_1_271' title='bbox 833 3295 899 3338; x_wconf 91' lang='grc' dir='ltr'><strong><em>νυν</em></strong></span> <span class='ocrx_word' id='word_1_272' title='bbox 910 3260 970 3334; x_wconf 90' lang='grc' dir='ltr'><strong><em>οί</em></strong></span> <span class='ocrx_word' id='word_1_273' title='bbox 951 3286 1016 3331; x_wconf 91' lang='grc' dir='ltr'><strong><em>απο</em></strong></span> <span class='ocrx_word' id='word_1_274' title='bbox 1004 3258 1139 3344; x_wconf 81' lang='grc' dir='ltr'><strong><em>Θρηί-</em></strong></span> 
     </span>
     <span class='ocr_line' id='line_1_33' title="bbox 125 3362 1138 3459; baseline 0.002 -27"><span class='ocrx_word' id='word_1_275' title='bbox 125 3391 186 3448; x_wconf 88' lang='grc' dir='ltr'><strong><em>κης</em></strong></span> <span class='ocrx_word' id='word_1_276' title='bbox 204 3362 362 3450; x_wconf 80' lang='grc' dir='ltr'><strong><em>Έλληνες</em></strong></span> <span class='ocrx_word' id='word_1_277' title='bbox 388 3371 443 3437; x_wconf 80' lang='grc' dir='ltr'><strong><em>καὶ</em></strong></span> <span class='ocrx_word' id='word_1_278' title='bbox 469 3372 593 3438; x_wconf 76' lang='grc' dir='ltr'><strong><em>ἐκτῶν</em></strong></span> <span class='ocrx_word' id='word_1_279' title='bbox 617 3368 732 3459; x_wconf 83' lang='grc' dir='ltr'><strong><em>νήσων</em></strong></span> <span class='ocrx_word' id='word_1_280' title='bbox 758 3376 827 3438; x_wconf 80' lang='grc' dir='ltr'><strong><em>τῶν</em></strong></span> <span class='ocrx_word' id='word_1_281' title='bbox 853 3365 1074 3450; x_wconf 82' lang='grc' dir='ltr'><strong><em>ἐπικειμένων</em></strong></span> <span class='ocrx_word' id='word_1_282' title='bbox 1091 3373 1138 3455; x_wconf 76' lang='grc' dir='ltr'><strong><em>τῇ</em></strong></span> 
     </span>
    </p>
   </div>
   <div class='ocr_carea' id='block_1_3' title="bbox 0 0 1196 3840">
    <p class='ocr_par' dir='ltr' id='par_1_3' title="bbox 0 0 1196 3840">
     <span class='ocr_line' id='line_1_34' title="bbox 0 0 1196 3840; baseline 0 0"><span class='ocrx_word' id='word_1_283' title='bbox 0 0 1196 3840; x_wconf 95' lang='lat' dir='ltr'><strong><em> </em></strong></span> 
     </span>
    </p>
   </div>
  </div>
 </body>
</html>
