2378 3840
294 158 380 216 LIB.
411 158 483 212 vssl.
516 155 617 214 cAP.
651 160 827 216 101-106.
1015 143 1082 210 267·

72 316 133 386 εάν
155 330 240 386 τοίσι
261 315 452 404 ἀμφικτίοσι
474 322 556 382 πᾶσι
576 327 661 382 τοῖσι
683 311 768 399 ἀμφὶ
788 313 910 399 ταύτης
931 313 1076 380 οἰκέουσι

71 425 129 504 τῆς
142 418 258 495 πόλιος
269 419 413 505 μέλλητε
429 412 522 492 έντὸς
536 413 662 500 χρόνον
677 419 814 482 ἔσεσθαι
827 412 985 499 χαλεπόν,
1003 412 1076 479 τότε

70 515 90 603 ἡ
104 520 192 600 ἵρεια
203 511 326 583 αὐτόθι
336 519 395 599 τῆς
406 509 585 598 Ἀθηναίης
597 512 677 597 φύει
688 512 834 596 πώγωνα
846 515 961 599 μέγαν.
977 517 1075 578 τοῦτο

71 614 111 681 δέ
120 633 181 698 σφι
196 615 245 690 δὶς
261 609 326 697 ήδη
340 613 479 696 έγένετο.
510 607 564 679 Ἐκ
578 609 708 676 τούτων
722 607 762 695 δή
775 616 844 677 τών
856 611 1043 696 Πηδασέων
1057 605 1074 673 ὁ
1094 617 1146 669 10⁵

65 709 260 796 Ἑρμότιμος
273 703 334 795 ἦν]
349 715 395 800 τῷ
410 716 546 796 μεγίστη
561 715 644 787 τίσις
658 707 722 796 ήδη
738 707 934 796 ἀδικηθέντι
945 712 1074 795 ἐγένετο

69 807 207 875 πάντων
220 812 288 872 τών
301 803 395 892 ἡμεῖς
412 810 517 893 ίδμεν.
531 804 534 808 ’
549 804 674 875 ἁλόντα
689 803 753 892 γάρ
770 803 873 874 αὐτόν
889 803 961 873 ὑπὸ·
974 813 1075 873 πολε-

69 914 155 991 μίων
171 907 226 971 καί
241 904 455 989 πωλεόμενον
471 903 606 973 ὠνέεται
621 902 814 983 Πανιώνιος
827 901 913 991 ἀνήρ
930 911 1022 989 Χίος,
1038 899 1075 980 ὃς

68 1002 131 1089 τήν
142 1003 220 1089 ζόην
231 1003 451 1089 κατεστήσατο
463 1000 520 1069 ἀπ’
535 1008 644 1089 ἔργων
655 999 899 1069 ἀνοσιωτάτων.
912 999 999 1079 ὅκως
1008 996 1074 1085 γάρ

70 1101 223 1187 κτήσαιτο
239 1105 358 1179 παῖδας
374 1105 479 1179 ελδεος
493 1103 720 1187 ἐπαμμένους,
742 1099 915 1186 ἐκτάμνων
930 1096 1074 1183 ἀγινέων

68 1199 192 1268 ἐπώλεε
214 1202 248 1278 ές
266 1198 394 1286 Σάρδις
416 1225 452 1265 τε
469 1201 524 1266 καί
538 1197 685 1283 Ἔφεσον
704 1198 884 1284 χρημάτων
906 1196 1072 1284 μεγάλων.

69 1295 159 1380 παρά
176 1297 241 1385 γάρ
262 1311 348 1365 τοῖσι
363 1296 564 1384 βαρβάροισι
582 1296 774 1383 τιμιώτεροί
792 1302 854 1363 είσι
869 1299 904 1362 οί
919 1293 1075 1380 εὐνοῦχοι

69 1403 197 1475 πίστιος
214 1401 342 1465 εἵνεκεν
355 1404 413 1482 τῆς
429 1396 537 1481 πάσης
553 1402 622 1463 τῶν
639 1397 808 1479 ἐνορχίων.
839 1391 961 1470 ἀλλους
981 1417 1017 1459 τε
1032 1389 1072 1475 δή

67 1493 85 1562 ὁ
99 1495 289 1574 Πανιώνιος
301 1496 433 1580 ἐξέταμε
443 1490 600 1579 πολλοδς,
619 1492 677 1561 ἅτε
691 1493 891 1579 ποιεόμενος
903 1493 939 1558 έκ
949 1492 1072 1558 τούτου

70 1590 129 1678 τήν
145 1592 233 1678 ζόην,
248 1596 304 1660 καλ
316 1590 355 1679 δή
367 1596 422 1661 καὶ
434 1598 564 1661 τοῦτον.
589 1594 654 1679 καλ,
671 1589 713 1660 οὐ
722 1589 788 1679 γάρ
799 1589 839 1659 τά
851 1591 961 1659 πάντα
973 1591 1073 1657 έδυσ-

67 1688 162 1772 τάχεε
184 1686 201 1756 ὁ
218 1687 430 1776 Ἑρμότιμος,
452 1689 642 1758 ἀπικνέεται
663 1693 788 1758 ἐκτῶν
803 1694 961 1778 Σαρδίων
981 1685 1071 1771 παρὰ

68 1791 205 1871 βασιλέα
220 1785 291 1873 μετ’
309 1785 421 1855 ἀλλων
437 1788 573 1873 δώρων,
594 1786 721 1873 χρόνον
735 1791 771 1855 δὲ
792 1787 970 1872 προϊόντος
984 1785 1073 1853 πάν-

68 1910 137 1950 των
151 1890 219 1950 τών
235 1881 408 1969 εὐνούχων
422 1884 563 1970 ἐτιμήθη
574 1885 716 1970 μάλιστα
730 1883 821 1970 παρά
833 1889 948 1975 Ξέρξη.
967 1883 1025 1962 Ὡς
1037 1885 1073 1950 δὲ
1091 1895 1142 1950 106

66 1980 103 2048 τό
121 1981 308 2067 στράτευμα
323 1981 361 2048 τὸ
371 1979 541 2068 Περσικόν
553 1979 649 2069 ώρμα
663 1983 820 2069 βασιλεάς
832 1986 885 2052 έπλ
898 1982 957 2062 τάς
971 1981 1073 2068 Ἀθή-

68 2107 128 2158 νας
138 2077 204 2147 ἐών
216 2083 253 2148 ἐν
261 2079 416 2167 Σάρδισι,
428 2083 577 2148 ἐνθαῦτα
589 2078 737 2168 καταβάς
748 2080 831 2149 κατά
844 2082 886 2169 δή
896 2108 927 2150 τι
938 2089 1073 2168 πρῆγμα

66 2175 292 2264 ὁἙρμότιμος
307 2181 340 2256 ἐς
350 2185 415 2265 γῆν
426 2175 489 2264 τήν
499 2184 652 2264 Μυσίην,
667 2176 729 2264 τήν
739 2187 816 2246 Χίοι
830 2179 893 2265 μὲν
903 2181 1073 2265 νέμονται,

63 2273 240 2358 Ἀταρνεὺς
251 2275 287 2343 δὲ
297 2279 458 2362 καλέεται,
474 2275 621 2364 εὑρίσκει
635 2275 695 2344 τὸν
705 2277 902 2346 Πανιώνιον
913 2282 1070 2346 ἐνθαῦτα.

67 2372 225 2460 ε’πιγνοδς
240 2375 276 2442 δὲ
291 2381 383 2461 ἔλεγε
402 2374 487 2462 πρὸς
504 2372 610 2442 αὐτόν
629 2373 776 2454 πολλοὺς
792 2380 848 2443 καλ
863 2383 997 2462 φιλίους
1012 2377 1073 2444 λό-

67 2500 159 2558 γους,
171 2479 285 2554 πρῶτα
297 2475 358 2558 μέν
371 2478 405 2541 οί
413 2475 605 2557 καταλέγων
617 2470 680 2539 ὅσα
691 2469 792 2550 αὐτὸς
803 2471 848 2540 δι’
862 2477 992 2541 ἐκεῖνον
1004 2479 1071 2559 ἔχοι

66 2568 198 2658 ἀγαθά,
221 2570 361 2656 δεύτερα
379 2575 418 2640 δέ
434 2577 469 2638 ολ
486 2568 752 2656 ὑπισχνεόμενος
772 2568 845 2638 ἀντὶ
860 2570 992 2638 τούτων
1008 2571 1071 2638 ὅσα

66 2700 126 2757 μιν
135 2667 249 2755 ἀγαθά
260 2671 402 2758 ποιήσει,
412 2667 457 2757 ήν
468 2676 607 2758 κομίσας
617 2668 697 2750 τοὺς
709 2673 837 2749 οἰκέτας
848 2673 939 2759 οίκέη
950 2674 1071 2759 ἐκείνη,

67 2769 150 2837 ώστε
164 2766 415 2856 ὑποδεξάμενον
426 2767 573 2854 ἅσμενον
582 2765 662 2848 τούς
671 2768 794 2855 λόγους
804 2765 865 2836 τόν
875 2766 1071 2836 Πανιώνιον

65 2873 200 2953 κομίσαι
215 2865 255 2934 τά
270 2869 370 2934 τέκνα
389 2869 445 2934 Ικαὶ
460 2865 523 2952 τήν
537 2879 691 2952 γυναῖκα.
721 2863 766 2946 ώς
781 2868 818 2934 δὲ
833 2865 898 2952 ἀρα
913 2873 1071 2957 πανοικίη

65 2995 123 3053 μιν
139 2970 333 3055 περιέλαβε,
349 2973 441 3053 ἔλεγε
456 2963 679 3054 ὁἘρμότιμος
692 2967 787 3036 τάδε·
803 2959 843 3034 Ὦ
858 2966 997 3034 πάντων
1008 2963 1072 3032 άν-

65 3069 156 3146 δρῶν
166 3063 230 3153 ήδη
242 3065 383 3152 μάλιστα
395 3061 452 3132 ἀπ’
466 3070 576 3151 ἔργων
587 3063 824 3134 ἀνοσιωτάτων
834 3064 895 3134 τὸν
903 3070 980 3152 βίον
990 3090 1071 3150 κτη-

66 3159 205 3247 σάμενε,
220 3169 254 3230 τί
266 3184 304 3231 σε
318 3161 382 3248 ἐγώ
397 3160 504 3230 κακόν
520 3159 542 3249 ή
560 3161 661 3242 αὐτὸς
673 3160 696 3250 ή
710 3168 779 3231 τῶν
794 3163 884 3248 έμών
899 3187 948 3239 τις
969 3159 1071 3247 ἐργά-

65 3280 162 3344 σατο,
176 3255 197 3346 ή
212 3261 248 3327 σὲ
261 3258 283 3347 ή
298 3268 367 3328 τῶν
378 3268 448 3330 σῶν
462 3261 550 3349 τινά,
565 3260 617 3330 ὅτι
632 3289 673 3349 με
686 3258 760 3328 ἀντ’
774 3258 899 3345 ἀνδρὸς
913 3263 1070 3348 ἐποίησας

64 3359 100 3428 τὸ
123 3365 228 3448 μηδὲν
249 3360 350 3442 εἶναις
376 3363 506 3444 ἐδόκεές
524 3389 561 3432 τε
581 3362 686 3442 θεοὺς
705 3361 820 3453 λήσειν
832 3354 886 3431 οἷα
902 3363 1072 3449 έμηχανέω
