2378 3840
135 158 195 225 ιισ
321 151 324 158 “
510 165 760 224 εειεοοοει

131 328 236 412 λητέω
257 322 436 414 ὠρχήσατο.
462 330 521 392 καί
533 347 599 400 κως
614 324 726 414 ἑωυτῷ
746 323 809 409 μέν
829 321 975 412 ἀρεστῶς
990 322 1139 413 ὥρχέετο,

132 421 150 491 ὁ
168 425 204 492 δέ
218 428 427 514 Κλεισθένης
439 419 547 511 ὁρέων
562 419 644 490 ὅλον
653 417 690 489 τδ
703 429 839 510 πρῆγμα
853 418 1038 491 ὑπώπτευε.
1057 424 1138 508 μετά

131 520 167 588 δέ
182 515 326 606 ἐπισχάν
342 517 595 606 ὑἹπποκλείδης
610 518 735 605 χρόνον
752 520 907 615 ἐκέλευσέ
920 523 954 590 οἵ
966 547 1041 588 τινα
1055 521 1139 606 τρά-

130 627 232 703 πεζαν
246 623 426 708 ἐσενεῖκαι,
443 619 647 706 ἐσελθούσης
661 621 698 688 δέ
711 626 769 706 τῆς
779 621 938 708 τραπέζης
948 626 1063 702 πρῶτοι
1075 621 1138 706 μὲν

131 719 184 790 ἐπ’
201 718 491 809 αὐτῆςάρχήσατο
505 717 685 790 Λακωνικά
703 721 882 808 σχημάτια,
905 718 986 808 μετὰ
1002 723 1038 788 δέ
1053 717 1137 790 ἀλλα

126 816 273 905 Ἀττικά,
295 817 333 888 τδ
346 827 458 908 τρίτον
473 820 510 887 δέ
525 816 587 906 τήν
600 818 754 906 κεφαλὴν
768 820 896 904 ἐρείσας
913 820 966 886 ἐπὶ
979 815 1042 904 τήν
1051 818 1137 906 ’τράυ

129 923 230 999 πεξαυ
244 932 328 987 τοῖσι
343 922 473 988 σκέλεσι
487 916 728 1004 ἐχειρονόμησε.
751 920 959 1003 Κλεισθένης
972 916 1008 984 δέ
1018 912 1059 984 τά
1074 915 1135 1003 μέυ

129 1023 244 1102 πρῶτοι
258 1019 314 1085 καί
326 1014 367 1087 τά
383 1016 524 1103 δεύτερα
539 1012 742 1102 ὀρχεομένου
753 1012 970 1102 ἀποστυγέων
979 1014 1135 1100 γαμβρόν

129 1118 161 1182 οί
175 1119 222 1182 ἔτι
237 1115 397 1200 γενέσθαι
406 1112 638 1198 Ἱπποκλείδην
651 1109 711 1180 διά
726 1113 788 1198 τήν
802 1138 838 1180 τε
851 1108 990 1198 ὄρχησιν
1003 1113 1059 1178 καί
1074 1107 1136 1196 τήν

128 1207 302 1280 ἀναίδειαν
317 1225 444 1297 κατεῖχε
457 1209 600 1297 έωυτδν,
624 1208 666 1278 οὑ
681 1210 887 1297 βουλόμενος
908 1211 1089 1296 ἐκραγῆναι
1104 1210 1136 1286 ές

127 1306 245 1378 αὑτόν·
266 1308 310 1389 ὡς
322 1310 359 1378 δὲ
374 1309 439 1378 εἶδε
453 1324 538 1378 τολσι
559 1312 689 1378 σκέλεσι
702 1308 1003 1396 χειρονομήσαντα,
1021 1304 1134 1376 οὐκέτι

127 1411 276 1528 κατέχειν
292 1408 479 1495 δυνάμενος
491 1407 576 1477 εἶπε·
595 1401 634 1475 Ὠ
648 1421 710 1476 παῖ
718 1404 951 1493 Τισάνδρου,’
933 1404 1134 1494 απωρχήσαό

126 1533 165 1593 γε
176 1505 243 1594 μήν
254 1505 314 1575 τδν
324 1507 443 1595 γάμον.
462 1535 480 1576 ο
468 1506 530 1577 δε
539 1507 766 1631 Ἱπποκλείδης
776 1505 1001 1596 ὑπολαβωνί
970 1533 986 1575 ε
999 1531 1056 1575 πε
1082 1504 1133 1574 Οὐ

127 1610 265 1694 φροντίς
274 1605 528 1730 ἹπποκλείδχᾸ
508 1592 575 1676 ατο
586 1607 708 1675 τούτου
719 1605 781 1693 μέν
792 1613 891 1675 τοῦτο
903 1604 1129 1692 οὑνομάξεται.

65 1722 114 1775 1311
126 1706 332 1791 Κλεισθένης
346 1705 383 1773 δέ
399 1703 498 1793 σιγήν
512 1706 737 1792 ποιησάμενος
756 1708 844 1784 ἔλεξε
861 1706 894 1783 ές
913 1706 1017 1791 μέσον
1036 1704 1130 1773 τάδε·

123 1804 261 1889 ’Ἀνδρες
272 1799 392 1882 παιδδς
402 1806 544 1892 τῆςέμῆς
555 1809 750 1891 μνηστῆρες,
759 1798 823 1888 ἐγω
830 1805 886 1870 καὶ
892 1825 1019 1881 πάντας
1029 1799 1131 1889 ὑμέας

123 1903 283 1988 ἐπαινέω,
299 1902 355 1969 καὶ
368 1908 470 1969 πᾶσιν
485 1899 583 1989 ὑμίν,
599 1907 630 1970 εί
644 1896 768 1968 οἷόντε
783 1908 850 1985 είη,
866 1906 1060 1987 χαριζοίμην
1075 1896 1129 1985 ἀν,

123 1995 198 2086 μήτ’
215 2000 275 2066 ἕνα
289 1996 403 2084 ὑμέων
419 2002 586 2088 ἐξαίρετον
597 1997 790 2086 ἀποκρίνων
805 1997 886 2085 μήτε
901 1997 979 2079 τοὺς
991 1995 1130 2077 λοιποὺς

123 2095 393 2184 ἀποδοκιμάζων·
422 2095 495 2167 ἀλλ’
514 2095 556 2166 οὑ
575 2095 641 2184 γάρ
656 2093 711 2166 οἷά
724 2098 762 2165 τέ
774 2099 842 2165 ἐστι
855 2103 932 2183 μιῆς
951 2099 1027 2182 πέρι
1042 2120 1130 2183 παρ-

122 2197 230 2265 θένου
250 2195 457 2283 βουλεύοντα
478 2203 559 2265 πᾶσι
580 2193 663 2265 κατά
683 2197 771 2265 ’νόον
792 2199 935 2281 ποιέειν,
960 2210 1045 2264 τοῖσι
1068 2197 1129 2280 μέν

122 2292 236 2382 ὑμέων
251 2293 551 2383 ἀπελαυνομένοισι
566 2301 666 2365 τοῦδε
682 2303 744 2364 τοῦ
759 2297 870 2382 γάμου
885 2297 1051 2366 τάλαντον
1065 2294 1129 2383 ἀρ-

120 2397 242 2478 γυρίου
257 2391 383 2485 ἑκάστω
400 2391 529 2480 δωρεήυ
544 2398 663 2480 δίδωμι
683 2401 741 2480 τῆς
754 2391 909 2474 ἀξιοίσιος
924 2398 1053 2463 εἵνεκεν
1071 2400 1128 2479 τῆς

121 2495 152 2570 ἐξ
175 2493 254 2576 ἐμεῦ
275 2495 377 2576 γῆμαι
396 2492 451 2558 καὶ
471 2497 527 2577 τῆς
547 2493 580 2572 ἐξ
596 2501 693 2560 οἴκου
710 2489 912 2581 ἀποδημίης,
933 2500 980 2584 τῷ
1001 2491 1038 2561 δέ
1053 2489 1127 2560 Ἀλ-

120 2591 578 2675 κμαίωνοςΜεγακλίίέγγυά
587 2595 689 2658 παῖδα
699 2588 852 2678 τήνέμήν
861 2587 1057 2678 Ἀγαρίστην
1067 2588 1127 2656 υό-

120 2707 211 2772 μοισι
222 2699 307 2754 τοῖσι
314 2684 512 2779 Ἀθηναίων.
527 2691 681 2775 φαμένου
692 2692 728 2759 δέ
737 2693 924 2776 ἐγγυᾶσθαι
930 2694 1128 2775 Μεγακλέος

63 2803 108 2856 131
121 2783 307 2868 ἐκεκύρωτο
325 2781 344 2853 ὁ
359 2783 465 2872 γάμος
481 2790 688 2857 Κλεισθένει.
724 2785 824 2875 Ἀμφὶ
841 2787 902 2875 μέν
935 2793 1026 2876 κρίσι
1059 2795 1127 2857 τάν

120 2880 321 2968 μνηστήρων
348 2891 494 2952 τοσαῦτα
522 2889 652 2971 ἐγένετο
679 2889 735 2955 καὶ
761 2885 850 2954 οὕτω
871 2883 1127 2973 Ἀλκμαιωυίδαι

54 3052 60 3066 ,
122 2979 356 3068 έβοίσδησαν’
336 2980 400 3050 ανά
416 3008 478 3070 την
489 2979 645 3070 Ελλάδα,
658 2985 788 3053 τούτων
802 2986 839 3052 δέ
850 2983 1128 3081 συνοικησάντων

116 3086 247 3202 γίνεται
258 3084 465 3168 Κλεισθένης
479 3107 514 3148 τε
528 3078 546 3148 ὁ
563 3078 621 3160 τάς
632 3081 742 3167 φυλάς
756 3079 861 3150 καὶ
824 3108 888 3168 την
900 3086 1128 3169 δημοκρατίην

116 3175 324 3266 Ἀθηναίοισι
338 3179 554 3267 καταστήσας,
567 3177 696 3266 ἔχων
662 3206 698 3248 το
712 3177 843 3266 οὑνομα
853 3175 918 3246 ἀπὸ
930 3186 991 3249 τοῦ
1000 3207 1127 3267 μητρο-

121 3276 267 3366 πάτορος
279 3303 341 3346 του
326 3283 567 3346 ἩΣικνωνίου
589 3271 688 3357 οὗτός
701 3305 737 3347 τε
752 3275 793 3366 δή
810 3283 937 3364 γίνεται
957 3283 1129 3366 Μεγακλέι·

122 3379 175 3443 καὶ
187 3374 415 3464 Ἱπποκράτης,
427 3380 464 3446 ἐκ
476 3375 532 3447 δέ
532 3379 759 3465 Ιπποκράτεος
770 3379 968 3466 Μεγακλέης
980 3379 1128 3464 τεάλλος
