2378 3840
312 166 397 222 ιιο.
447 166 516 223 vffl.
550 166 650 224 ολε.
682 139 823 226 εε-ιε.
1023 165 1083 226 τοι

73 331 178 391 λακον
194 326 251 408 τῆς
266 317 467 409 ἀκροπόλιος
488 322 719 391 ἐνδιαιτᾶσθαι
733 325 770 391 ἐν
784 331 829 416 τῷ
844 329 913 416 ἱρῷ.
943 327 1089 410 λέγουσί

69 447 107 488 τε
123 427 227 488 ταῦτα
242 423 297 489 καλ
311 417 352 507 δή
367 423 422 489 καὶ
437 418 481 499 έις
496 421 585 489 έόντι
599 420 758 508 ἐπιμήνια
774 423 977 491 ἐπιτελέουσι
997 449 1082 509 προ-

71 521 236 598 τιθέντες·
257 515 343 586 τὰδ’
356 519 514 605 ἐπιμήνια
524 517 721 605 μελιτόεσσα
736 521 813 588 ἐστι.
837 517 997 607 αὕτηδ’
978 548 1000 608 η
1021 547 1081 605 με·

69 614 224 688 λιτόεσσα
243 618 281 684 έν
300 643 347 709 τῳ
332 616 492 706 πρόσθε
509 621 573 686 αίεδ
591 618 702 707 χρόνῳ
719 615 984 707 ἀναισιμουμένη
1006 619 1079 687 τότε

68 707 113 801 ήν
128 711 307 794 ἄψαυστος.
330 714 525 802 σημηνάσης
540 717 577 782 δέ
591 722 695 784 ταῦτα
709 722 767 802 τής
783 720 886 834 ἱρείης
899 712 1035 809 μᾶλλόν
1047 743 1078 783 τι

67 816 103 878 ολ
67 808 292 899 οἈθηναιοι
307 814 362 880 καλ
381 811 642 898 προθυμότερον
664 809 865 892 ἐξέλιπον
830 839 891 900 την
907 814 1009 883 πόλιν
1029 811 1078 891 ὡς

67 913 124 978 καλ
144 918 202 998 τής
216 919 303 980 θεοῦ
323 908 581 999 ἀπολελοιπυίης
597 909 659 998 τήν
678 909 872 995 ἀκρόπολιν.
898 910 942 993 ὡς
959 915 998 980 δέ
1017 934 1076 994 σφι

67 1014 177 1081 πάντα
192 1010 402 1099 ὑπεξεκέετο,
418 1018 550 1082 έπλωον
565 1016 598 1092 ές
614 1039 651 1080 το
640 1010 901 1100 στρατόπεδον.
930 1010 1017 1085 Ἐπεὶ
1040 1014 1075 1079 δὲ
1094 1045 1128 1100 42

66 1117 101 1182 οί
114 1109 172 1180 ἀπ’
186 1109 393 1200 Ἀρτεμισίου
408 1116 441 1191 ἐς
452 1121 629 1200 Σαλαμῖνα
643 1115 803 1198 κατέσχον
814 1108 874 1190 τάς
884 1113 971 1200 νέας,
985 1130 1076 1180 σου.

67 1215 160 1297 έρρεε
173 1213 229 1279 καὶ
242 1207 261 1279 ὁ
276 1209 393 1290 λοιπός
409 1212 670 1298 πυνθανόμενος
685 1207 703 1276 ό
719 1217 788 1278 τῶν
802 1206 971 1298 Ἑλλήνων
983 1236 1074 1278 ναυ-

65 1304 156 1386 τικδς
169 1307 308 1396 στρατὸς
323 1313 359 1379 έκ
377 1316 571 1397 Τροιζῆνος·
592 1311 625 1389 ἐς
640 1308 705 1396 γὰρ
721 1308 876 1396 Πιόμωνα
889 1307 949 1378 τὸν
968 1318 1030 1397 Τρι
1025 1336 1075 1376 οι·

27 1412 30 1417 ’
66 1411 186 1490 ζηνίων
197 1410 315 1494 λιμένα
329 1414 505 1495 προείρητο
518 1408 749 1492 συλλέγεσθαι.
772 1407 1023 1493 συνελέχθησαν
1042 1430 1074 1471 τι

64 1502 104 1590 δη
117 1512 229 1596 πολλῳ
240 1514 382 1587 πλεῦνες
394 1501 529 1593 νέεςή’
512 1533 552 1574 επ
556 1504 771 1596 ’Ἀρτεμισίῳ
783 1506 1001 1626 ἐναυμάχεον,
1021 1508 1074 1572 καὶ

64 1598 129 1671 ἀπὸ
144 1609 271 1672 πολίων
286 1604 452 1673 πλεόνων.
473 1604 641 1690 ναύαρχος
651 1606 714 1690 μέν
728 1627 794 1670 νυν
808 1593 1007 1689 ἐπήνόυτδς
1020 1598 1075 1667 ὅσ

34 1776 37 1781 ⁴
63 1722 125 1783 περ
152 1696 204 1766 ἐπ’
235 1696 444 1792 Ἀρτεμισίῳ,
477 1697 693 1786 Εὐρυβιάδης
720 1695 891 1786 Εάρυκλεί
876 1697 1000 1767 ίδεω’
980 1694 1073 1783 ανήρ

65 1794 290 1882 Σπαρτιήτης,
313 1794 355 1863 οά
378 1799 492 1883 μέντοι
511 1797 627 1883 μένεός
648 1822 687 1882 χε
709 1803 771 1864 τοῦ
791 1803 968 1884 βασιληΐου
989 1796 1067 1866 έάν.

62 1894 141 1969 νέας
155 1892 191 1959 δὲ
206 1901 318 1984 πολλῷ
332 1901 487 1973 πλείστας
500 1920 536 1961 τε
557 1895 613 1961 καλ
628 1889 746 1979 ἀριστα
758 1894 936 1973 πλωούσας
950 1901 1067 1981 παρεί-

62 2016 158 2077 χοντο
177 1988 358 2078 Ἀθηναῖοι.
393 1989 648 2078 Ἐστρατεόοντο
664 1990 700 2058 δὲ
715 1991 800 2058 οἵδε·
829 1992 866 2058 ἐκ
879 1988 941 2077 μὲν
954 1996 1064 2059 Πελο-
1088 2007 1125 2063 43

60 2090 234 2178 ποννήσον
252 2091 511 2213 Λακεδαιμόνιοι
534 2092 707 2158 ἑκκαίδεκα
729 2088 808 2167 νέοις
832 2089 1064 2176 παρεχόμενοι,

58 2194 239 2275 Κορίνθιοι
257 2185 347 2255 δὲ
312 2215 349 2257 το
366 2185 448 2257 αὐτὰ
463 2189 627 2274 πλήρωμα
643 2184 864 2273 παρεχόμενοι
880 2183 918 2254 τὸ
939 2189 995 2255 καὶ
1010 2184 1061 2254 ἐπ’

55 2284 257 2400 Ἀρτεμισίῳ,
273 2286 459 2354 Σικυιένιοι
474 2285 510 2352 δὲ
521 2287 757 2353 πεντεκαίδεκα
767 2292 964 2372 παρείχοντο
976 2287 1063 2371 νέας,

55 2373 260 2469 Ἐπιδαύριοι
277 2385 313 2450 δε
329 2385 420 2470 δέκα,
439 2385 627 2471 Τροιζήνιοι
643 2386 679 2452 δ
693 2387 810 2471 πέντε,
825 2381 1012 2472 Ἑρμιονέες
1027 2384 1063 2452 δέ

58 2493 154 2567 τρείς,
166 2474 329 2559 έόντες’
287 2507 381 2550 ουτοι
392 2479 480 2569 πλήν
490 2480 858 2569 ἙρμιονέωνΛωρικόν
870 2508 904 2551 τε
916 2487 970 2552 καί
982 2492 1060 2551 Μα-

58 2574 180 2647 κεδνὸν
195 2583 313 2666 ἔθνος,
332 2581 365 2660 ἐξ
377 2577 526 2664 Ἐρινεοῦ
541 2605 577 2647 τε
593 2607 647 2647 και
637 2583 793 2648 Πίνδου
807 2584 914 2649 καλ
876 2608 933 2669 της
944 2593 1060 2668 Δρυο-

56 2680 151 2753 πίδος
163 2673 288 2742 ὕστατα
299 2672 513 2763 ὁρμηθέντες.
533 2681 567 2745 οί
576 2678 612 2744 δέ
621 2674 808 2764 Ἑρμιονέες
819 2682 881 2748 εἰσὶ
891 2680 1060 2766 Δρύοπες,

55 2771 121 2841 ὑπὸ
132 2770 312 2860 Ἡρακλέος
326 2799 363 2842 τε
377 2776 432 2844 καί
445 2777 607 2863 Μηλιέων
623 2777 659 2843 έκ
673 2783 732 2863 τῆς
745 2783 812 2844 νῦν
824 2782 979 2861 Δωρίδος
999 2805 1060 2845 κα-

53 2870 213 2958 λεομένης
226 2869 337 2957 χόρης
351 2872 597 2952 ἐξαναστάντες.
622 2863 717 2940 οὗτοι
730 2875 793 2960 μέν
808 2900 874 2942 νυν
884 2880 1060 2944 Πελοπον-

53 2976 180 3056 νησίων
195 2969 449 3056 ἐστρατεύοντο,
471 2974 505 3038 ολ
520 2967 556 3038 δδ
576 2970 614 3037 έκ
627 2975 686 3057 τής
702 2973 765 3050 ἐξω
778 2967 937 3059 ἠπείρου,
954 2968 1057 3060 Ἀθη-
1080 2976 1116 3034 u

53 3080 143 3133 ναῖοι
162 3067 224 3151 μὲν
243 3064 328 3154 πρδς
348 3067 476 3147 πάντας
496 3064 576 3146 τούς
595 3064 718 3146 ἀλλους
739 3068 959 3155 παρεχόμενοι
984 3071 1059 3150 νέας

53 3161 247 3249 ὀγδώκοντα
256 3161 448 3252 καὶέκατόν,
457 3171 596 3252 μοῦνοι·
610 3167 647 3233 ἐν
653 3171 821 3251 Σαλαμῖνι
831 3162 896 3252 γὰρ
906 3164 948 3234 οά
956 3187 1057 3238 σννε·

52 3261 272 3351 ναυμάχησαυ
285 3268 465 3344 Πλαταιέες
481 3260 689 3385 Ἀθηναίοισι
706 3260 760 3331 διά
775 3263 906 3332 τοιόνδε
922 3291 954 3333 τι
970 3275 1056 3354 πρή-

51 3383 135 3449 μμα·
157 3355 461 3508 ἀπαλλμσσομένων
478 3387 546 3430 των
560 3357 766 3449 Ἑλλήνων’
746 3360 812 3429 απὸ
830 3388 890 3429 του
876 3357 1055 3512 ’ξέρτεμι-

134 3468 224 3509 εεποο
886 3463 910 3511 x
