2378 3840
321 178 408 276 ιιε.
433 219 507 275 vm.
541 217 639 274 ονε.
667 219 826 273 ιον-ιω.
1017 209 1076 272 271

78 380 196 457 Πεαδῶ
207 411 242 454 τε
253 388 309 454 καὶ
320 381 528 473 Ἀναγκαίην,
542 379 628 454 οὕτω
641 385 679 453 τέ
689 406 749 472 σφι
765 379 868 470 κάρτα
883 382 977 453 δοτέα
995 381 1081 452 εἶναι

78 483 241 577 χρήματα,
265 483 487 576 ὑπεκρίναντο
511 480 593 573 πρὸς
614 486 717 553 ταῦτα
740 485 907 570 λέγοντες,
933 477 977 564 ῶς
999 479 1081 552 κατά

77 582 176 674 λόγον
192 575 278 671 ήσαυ
295 582 359 674 ἀρα
377 591 414 654 αί
431 582 570 672 Ἀθῆναι
586 580 725 672 μεγάλαι
750 585 858 654 τεκαὶ
882 578 1077 672 εὐδαίμονες

76 685 232 750 καλθεῶν
241 686 393 767 χρηστῶν
403 678 518 765 ήκοιεν
531 673 581 766 εὖ,
589 680 659 747 ἐπεὶ
668 677 841 760 Ἀνδρίους
851 705 889 764 γε
901 677 985 746 εἶναι
996 705 1081 765 γεω-

76 789 193 861 πείνας
213 784 245 859 ἐς
264 779 305 848 τά
322 781 460 866 μέγιστα
481 777 682 866 ἀνήκοντας,
709 781 764 845 καὶ
777 775 881 856 θεοδς
902 777 963 844 δύο
979 775 1082 864 ἀχρή-

77 901 176 958 στους
191 875 254 946 οὐκ
275 881 440 946 ἐκλείπειν
455 878 571 963 σφέων
585 874 647 963 τήν
669 883 790 962 νήσου,
813 872 888 944 ἀλλ’
904 877 967 943 αίελ
983 885 1081 962 φιλο-

75 976 231 1064 χωρέειν,
257 980 386 1060 Πενίην
408 978 519 1041 τεκαὶ
540 972 756 1061 Ἀμηχανίην,
788 977 843 1040 καὶ
863 974 994 1041 τούτων
1013 979 1080 1039 τῶν

76 1081 169 1143 θεῶν
185 1072 370 1159 ἐπηβόλους
392 1071 506 1150 έόντας
528 1071 699 1159 Ἀνδρίους
721 1069 762 1139 οὐ
780 1071 902 1140 δῶσειν
914 1074 1079 1159 χρήματα·

76 1170 234 1237 οὐδέκοτε
246 1167 312 1257 γάρ
326 1176 383 1256 τῆς
396 1173 532 1238 ἑωυτῶν
546 1169 731 1257 ἀδυναμίης
744 1168 807 1257 τήν
817 1168 1006 1257 Ἀθηναίων
1018 1169 1080 1238 δή·

75 1295 178 1356 ναμιν
195 1268 279 1337 εἶναι
294 1269 433 1355 κρέσσω.
458 1261 552 1337 οὗτοι
567 1271 629 1355 μέν
644 1269 800 1356 δήτοῦτο
815 1266 1079 1354 ὑποκρινόμενοι

74 1369 129 1436 καὶ
144 1364 186 1435 οὐ
200 1367 316 1446 δόντες
328 1367 479 1454 χρήματα
491 1367 755 1454 ἐπολιορκέοντο.
780 1366 1022 1454 Θεμιστοκλέης
1033 1368 1080 1450 δέ,
1101 1383 1151 1436 112

74 1462 116 1532 οὐ
135 1461 201 1551 γάρ
222 1464 363 1533 ἐπαύετο
384 1465 628 1552 πλεονεκτέων,
650 1465 828 1551 ἐσπέμπων
848 1467 881 1544 ἐς
901 1462 960 1543 τάς
979 1465 1081 1541 ἀλλας

72 1565 198 1652 νήσους
208 1559 463 1650 ἀπειλητηρίους
473 1563 596 1648 λόγους
609 1572 697 1631 αίτεε
710 1564 861 1650 χρήματα
873 1562 928 1631 διά
938 1569 1007 1629 τῶν
1016 1559 1081 1628 αὐ-

72 1672 141 1733 τῶν
152 1661 315 1751 ἀγγέλων,
326 1664 505 1750 χρεόμενος
516 1664 645 1750 λόγοισι
655 1679 741 1732 τοῖσι
752 1663 898 1752 καὶπρὸς
907 1663 1080 1752 Ἀνδρίους

73 1760 243 1848 ἐχρήσατο,
259 1761 367 1847 λέγων
380 1757 422 1839 ῶς
440 1767 470 1829 εί
478 1757 522 1847 μή
534 1761 681 1828 δῶσουσι
697 1760 733 1829 τδ
749 1763 954 1848 αἰτεόμενον,
968 1763 1079 1842 ἐπάξει

72 1858 134 1947 τήν
157 1856 315 1946 στρατιήν
336 1856 588 1945 τῶνἙλλήνων
609 1863 664 1926 καί
680 1861 888 1947 πολιορκέων
902 1860 1076 1945 ἐξαιρήσει.

71 1957 181 2044 λέγων
197 1950 246 2024 ῶν
259 1964 363 2024 ταῦτα
380 1957 538 2043 συνέλεγε
554 1958 705 2044 χρήματα
718 1960 845 2046 μεγάλα
859 1955 949 2045 παρά
962 1965 1079 2044 Καρυ-

73 2062 174 2123 στίων
190 2080 226 2122 τε
240 2055 296 2122 καλ
309 2061 465 2142 Παρίων,
490 2062 524 2124 οἳ
538 2054 794 2141 πυνθανόμενοι
808 2055 868 2140 τήν
885 2080 920 2120 τε
931 2051 1081 2140 Ἀνδρου

71 2149 116 2230 ῶς
130 2151 360 2238 πολιορκέοιτο
376 2151 462 2220 διότι
480 2152 631 2240 ἐμήδισε,
653 2157 707 2222 καὶ
723 2163 947 2240 Θεμιστοκλέα
966 2150 1011 2233 ῶς
1027 2164 1077 2240 είη

70 2255 108 2319 ἐν
123 2258 201 2337 αίνη
216 2254 353 2338 μεγίστη
367 2255 434 2317 τῶν
450 2259 659 2338 στρατηγῶν,
676 2259 843 2330 δείσαντες
856 2259 960 2319 ταῦτα
976 2257 1077 2335 έπεμ-

70 2374 136 2415 πον
146 2345 304 2434 χρήματα.
322 2354 353 2416 εί
365 2351 402 2418 δέ
413 2351 455 2436 δή
464 2376 552 2429 τινες
566 2353 621 2420 καί
632 2351 727 2421 ἀλλον
740 2356 861 2420 ἔδοσαν
873 2352 1076 2437 νησιωτέων,

71 2443 133 2512 οὐκ
149 2450 212 2530 ἐγω
230 2443 334 2512 εἶπαι·
363 2447 469 2515 δοκέω
487 2448 523 2514 δέ
534 2475 626 2526 τινας
640 2450 695 2516 καὶ
706 2447 827 2526 ἀλλους
839 2453 957 2515 δοῦναι
969 2449 1024 2515 καὶ
1034 2445 1077 2514 οὐ

69 2545 211 2622 τούτους
225 2544 384 2629 μούνους.
414 2552 522 2613 καίτοι
536 2553 758 2635 Καρυστίοισί
774 2573 812 2633 γε
835 2544 936 2614 οὐδέν
953 2547 1076 2616 τούτου

72 2643 201 2709 εἵνεκεν
217 2647 279 2708 τοῦ
293 2649 400 2709 κακοῦ
415 2640 584 2731 ὑπερβολή
599 2645 747 2731 ἐγένετο·
780 2645 904 2732 Πάριοι
923 2647 959 2714 δέ
974 2654 1076 2732 Θεμι-

70 2739 211 2808 στοκλέα
219 2740 362 2828 χρήμασι
374 2744 568 2831 ίλασάμευοι
579 2745 745 2834 διέφυγον
754 2743 791 2814 τὸ
801 2746 997 2833 στράτευμα.
1011 2755 1077 2814 Θε-

68 2841 265 2926 μιστοκλέης
276 2842 339 2927 μέν
350 2869 416 2910 νυν
427 2845 460 2922 ἐξ
470 2843 616 2928 ’Ἀυδρου
633 2842 834 2933 ὁρμεόμενος
850 2844 999 2930 χρήματα
1010 2868 1076 2910 πα-

69 2935 111 3020 ρά
129 2938 322 3023 νησιωτέων
337 2940 452 3007 ἐκτᾶτο
467 2942 580 3030 λάδρη
596 2949 665 3010 τῶν
678 2940 788 3012 ἀλλων
808 2949 1010 3030 στρατηγῶν.

155 3042 198 3103 Οί
214 3034 245 3103 δ’
269 3034 354 3126 ἀμφὶ
368 3039 497 3130 Ξέρξην
513 3044 701 3130 ἐπισχόντες
721 3041 835 3130 ὀλίγας
853 3041 978 3130 ἡμέρας
993 3069 1075 3129 μετα
1094 3062 1145 3116 11³

66 3130 131 3219 τήν
145 3144 333 3224 ναυμαχίην
353 3142 539 3226 ἐξήλαυνον
553 3144 586 3221 ές
598 3139 767 3220 Βοιωτοδς
780 3137 842 3228 τήν
859 3137 966 3225 αὐτήν
980 3136 1072 3209 ὁδόν.

67 3234 159 3310 ἔδοξε
174 3229 239 3318 γάρ
257 3240 443 3329 Μαρδονίῳ
459 3236 527 3325 ἅμα
542 3240 604 3324 μέν
624 3238 818 3327 προπέμψαι
832 3236 986 3326 βασιλέα,
1005 3239 1074 3326 ἀμα

64 3335 101 3401 δὲ
112 3331 265 3420 ἀνωρίην
276 3333 360 3405 εἶναι
371 3347 431 3407 τοῦ
444 3347 534 3420 ἔτεος
545 3340 731 3428 πολεμέειν,
742 3344 923 3428 χειμερίσαι
935 3339 971 3406 δὲ
981 3338 1073 3427 ἀμει-

62 3454 127 3496 νον
146 3431 231 3501 εἶναι
247 3433 286 3504 έν
300 3443 482 3526 Θεσσαλίη,
503 3442 559 3512 καλ
578 3443 706 3511 ἔπειτεν
721 3437 793 3527 ἅμα
804 3446 854 3528 τῷ
870 3445 947 3520 ἔαρι
962 3446 1089 3510 ἀετοὶ-
