2378 3840
330 195 417 253 LIB.
448 198 485 253 V.
519 197 618 255 cAP.
649 201 791 256 38-43.
1027 195 1067 259 1⁹

53 352 91 419 δὲ
105 347 148 418 ού
167 359 296 421 πολλοῦ
317 353 516 433 διελθόντος
535 352 556 441 ἡ
572 353 754 435 ἐσύστερον
769 356 960 424 ἐπελθοῦσα
977 355 1065 444 γυνή

53 451 156 516 τίκτει
170 445 231 517 τὸν
250 447 291 538 δή
308 455 500 538 Κλεομένεα
521 459 651 521 τοῦτον.
686 455 742 521 καὶ
761 452 846 541 αύτη
867 482 903 526 τε
924 460 1067 543 ἔπεδρον

53 547 194 633 βασιλέα
204 549 435 640 Σπαρτιήτῃσι
448 549 633 638 ἀπέφαινε,
648 555 703 622 καί
714 549 735 637 ἡ
747 557 892 641 προτέρη
907 553 993 643 γυνή
1005 552 1067 623 τόν

54 643 222 733 πρότερον
235 645 361 734 χρόνον
381 647 501 730 ύτοκος
522 652 625 718 έοῦσα
640 649 715 719 τότε
738 676 805 730 κως
824 652 962 741 ἐκύησε,
982 674 1067 721 συν-

53 749 151 833 τυχίη
163 746 269 835 ταύτη
283 752 484 836 χρησαμένη.
509 754 653 836 ἔχουσαν
667 753 703 819 δὲ
718 748 825 837 αὐτὴν
840 750 961 840 ἀληθέι
976 754 1066 845 λόχφ

56 849 90 912 οί
101 850 161 930 τῆς
176 845 386 933 ἐπελθούσης
403 846 566 934 γυναικός
580 847 702 935 οἰκήιοι
722 848 913 936 πυθόμενοι
930 851 1065 938 ύχλεον,

57 941 204 1029 φάμενοι
225 940 333 1030 αὐτὴν
356 948 515 1032 κομπέειν
536 943 645 1024 ἄλλως
666 951 878 1034 βουλομένην
899 947 1067 1036 ὑποβαλέ-

56 1049 150 1110 σθαι.
174 1038 269 1110 δεινύ
288 1046 325 1113 δὲ
344 1045 533 1114 ποιεύντων
548 1043 678 1130 αύταῦν,
701 1053 762 1113 τοῦ
776 1045 903 1132 χρόνον
917 1048 1067 1132 συντόμ-

58 1167 195 1228 νοντος,
216 1139 276 1210 ὑπ’
295 1141 448 1232 ἀπιστίης
469 1150 503 1215 οί
516 1152 634 1233 ἔφοροι
653 1153 833 1216 τίκτουσαν
846 1143 909 1233 τήν
923 1159 1068 1232 γυναῖκα

56 1238 282 1328 περιιζόμενοι
302 1243 481 1330 ἐφύλαξαν.
514 1242 536 1333 ἡ
561 1245 598 1314 δὲ
620 1243 664 1325 ὡς
686 1251 776 1314 ἔτεκε
790 1249 943 1331 Δωριέα,
965 1246 1068 1324 ίθέως

57 1349 142 1427 ἴσχει
151 1345 344 1430 Λεωνίδην,
359 1348 414 1415 καὶ
427 1343 509 1439 μετὰ
524 1353 645 1414 τούτου
659 1345 761 1424 ἰθέως
775 1355 858 1432 ίσχει
868 1345 1057 1432 Κλεόμβρο·

58 1463 132 1506 τον·
160 1442 196 1507 οί
215 1439 252 1506 δὲ
268 1441 325 1507 καί
344 1441 509 1527 διδύμους
530 1444 665 1529 λέγουσι
687 1441 926 1530 Κλεόμβροτόν
950 1469 985 1512 τε
1009 1443 1067 1510 καλ

58 1539 233 1622 Λεωνίδην
253 1537 424 1622 γενέσθαι.
457 1536 478 1626 ἡ
502 1541 539 1609 δὲ
561 1543 753 1626 Κλεομένεα
780 1547 924 1610 τεκοῦσα
949 1544 1005 1611 καὶ
1027 1539 1065 1610 τό

60 1634 221 1721 δεύτερον
234 1637 426 1706 ἐπελθοῦσα
440 1651 545 1727 χυνη,
561 1641 664 1709 έούσα
676 1638 834 1725 θυγάτηρ
848 1641 1067 1727 Πρινητάδεω

60 1739 121 1803 τοῦ
135 1737 382 1822 Δημαρμένου,
397 1733 510 1804 οὐκέτι
525 1741 630 1804 ἔτικτε
645 1735 682 1805 τό
698 1735 866 1821 δεύτερον.
896 1735 934 1805 Ὁ
948 1739 1010 1824 μὲν
1025 1735 1066 1825 δή
1082 1752 1116 1806 ⁴2

66 1835 267 1922 Κλεομένης,
286 1833 332 1915 ὥς
353 1840 498 1924 λέγεται,
519 1831 565 1925 ήν
578 1863 614 1906 τε
634 1835 676 1906 ού
691 1836 862 1925 φρενήρης
875 1833 1067 1922 ἀκρομανής

63 1957 111 2020 τε,
130 1928 202 2001 όδλ
215 1931 371 2019 Δωριεύς
383 1928 428 2022 ήν
440 1943 508 2004 τῶν
521 1934 649 2024 ἡλίκων
662 1937 800 2004 πόντων
813 1941 960 2022 πρῶτος,
976 1926 1017 2002 εύ
1031 1958 1068 2000 τε

61 2026 218 2116 ἠπίστατο
245 2028 319 2099 κατ’
342 2029 578 2121 ἀνδραγαθίην
602 2031 703 2113 αύτός
727 2033 861 2121 σχήσων
883 2030 945 2120 τήν
969 2039 1068 2120 βασι-

28 2164 32 2169 ·
63 2134 168 2218 ληίην.
192 2127 277 2198 ὥστε
290 2122 342 2200 τόν
358 2130 453 2200 οὕτω
461 2135 633 2219 φρονέων,
648 2129 761 2218 ἐπειδή
774 2130 842 2200 ὅτε
852 2128 1069 2214 Ἀναξανδρό-

61 2235 121 2319 δης
144 2229 295 2300 ἀπέθανε
314 2235 371 2301 καί
392 2239 428 2303 ot
443 2232 699 2320 Λακεδαιμόνιοι
718 2231 893 2318 χρεόμενοι
914 2237 960 2322 τῷ
974 2228 1069 2318 νόμην

61 2329 242 2452 ἐστήσαντο
257 2334 396 2420 βασιλέα
409 2357 469 2401 τον
483 2330 714 2420 πρεσβύτατον
725 2325 969 2415 Κλεομένεα,“
955 2337 1068 2396 οΔω-
1164 2346 1167 2350 ·

61 2426 156 2516 ριεύς
170 2428 286 2499 δεινόν
296 2456 334 2500 τε
348 2429 548 2518 ποιεύμενος
563 2431 619 2498 καί
639 2425 703 2496 ούκ
717 2423 851 2507 ἀξιοῦν’
832 2451 901 2494 υπο
889 2423 1069 2510 Κλεομέ-

61 2553 138 2606 νεος
159 2528 416 2615 βασιλεύεσθαι,
445 2527 581 2614 αἰτήσας
608 2525 691 2610 ληδν
713 2523 927 2610 Σπαρτιήτας
951 2515 1014 2608 ἦγε
1035 2523 1069 2598 ἐς

62 2622 237 2710 ἀποικίην,
258 2650 337 2694 ουτε
354 2652 400 2714 τφ
386 2627 456 2693 έν
469 2633 635 2711 Δελφοίσι
648 2626 835 2710 χρηστηρίῳ
848 2618 1068 2706 χρησόμενος,

61 2719 135 2802 ἐς“
110 2748 232 2810 ηντινιι
245 2731 311 2811 χήν
324 2695 447 2793 κτίσον
462 2732 512 2812 λη,
528 2720 606 2790 ούτε
618 2720 759 2808 ποιήσας
774 2714 875 2786 οὐδὲν
888 2722 957 2785 τῶν
970 2741 1072 2801 νομι-

62 2822 219 2909 ζομόνων
243 2820 297 2892 οἷα
313 2824 350 2893 δὲ
363 2827 492 2912 βαρέας
506 2825 636 2908 φέρων,
657 2817 747 2886 ύπίει
762 2812 845 2894 ές
809 2841 871 2903 την
882 2811 1015 2902 Λιβύην
1027 2838 1069 2879 τα

61 2927 178 2989 πλοῖα
200 2926 401 3010 κατηγέοντο
416 2924 502 2990 δέοί
515 2918 635 3006 ἄνδρες
644 2926 795 3003 Θηραίοι.
814 2906 1067 2998 ἀπικόμενοςδ

62 3023 97 3099 ές
115 3026 251 3089 Κίνυπα
273 3030 379 3090 οίκισε
401 3027 512 3107 χῦρον
531 3019 713 3087 κάλλιστον
736 3019 804 3083 τόν
818 3010 958 3098 Λιβύων
979 3004 1070 3089 παρὰ

62 3119 225 3207 ποταμόν.
249 3123 416 3202 ἐξελαθεὶς
426 3120 464 3188 δὲ
475 3121 746 3205 ένθεῦτεντρίτφ
762 3108 857 3182 ἔτει
840 3134 907 3178 υπο
896 3106 1070 3176 Μακέων

62 3244 100 3289 τε
115 3219 258 3306 Λιβύων
272 3223 328 3288 καί
343 3212 616 3305 Καρχηδονίων’
598 3239 643 3282 απ
646 3221 734 3283 ίκετο
750 3213 782 3289 ἐς
796 3206 1069 3293 Πελοπόννησον.

58 3315 229 3387 Ἐνθαῦτα
239 3322 281 3388 δέ
289 3315 341 3388 οί’
334 3313 558 3403 Λντιχόρης’
538 3311 625 3400 ανήρ
637 3309 810 3387 Ἐλεώνιος
824 3306 1072 3394 συνεβούλευσε
1083 3315 1118 3368 43

62 3419 103 3487 ἐκ
118 3424 191 3486 τῶν
208 3424 313 3487 Λαΐου
329 3423 487 3505 χρησμῶν
496 3412 698 3500 Ἡράκλειαν
714 3405 776 3495 τήν
793 3408 830 3474 ἐν
846 3410 984 3555 Σιμεμίη
1001 3405 1072 3470 κτί-
