2378 3840
329 199 414 256 ΗΒ.
446 201 482 256 V.
520 202 619 259 cAP.
652 208 793 263 77-82
1022 203 1063 265 37
1165 200 1170 210 ’

55 354 261 475 βουλόμενοι
272 362 430 425 τίσασθαι
441 355 650 446 Ἀθηναίους
665 386 686 447 η
674 357 736 429 δέ
745 361 892 451 Πνθίη’
873 388 938 433 απο
927 361 1064 453 σφέων

56 448 179 536 μέν’
135 459 249 521 αυτῦν
269 451 333 522 ούκ
348 460 412 542 ἔφη
433 452 563 525 αύτοίσι
578 455 664 526 εἰναι
683 465 787 547 τίσιν,
806 463 840 540 ές
861 463 1064 552 πολύφημον

57 550 335 632 δὲέξενείκαντας
346 556 476 622 ἐκέλευε
491 561 559 621 τῶν
573 553 710 643 ἄγχιστα
721 559 867 628 δέεσθαι.
891 557 1063 630 ἀπελθόν-

56 672 126 713 των
144 640 193 715 ύν
207 655 275 717 νῦν
295 649 501 734 θεοπρόπων
521 652 726 741 ἐξέφερον
692 682 729 723 το
746 656 948 746 χρηστήριον
964 655 1063 745 αλίην

56 744 295 833 ποιησάμενοι
317 745 363 827 ὡς
377 749 613 819 έπυνθοίνουτο
631 753 668 821 δὲ
681 752 910 839 λεγόντων’
868 764 980 825 αντῦν
994 766 1063 826 νῦν

56 839 196 928 ἄγχιστα
211 847 364 932 δέεσθαι,
382 844 479 915 εἰπαν
493 851 529 917 οἰ
541 849 715 938 Θηβαιοι’
695 853 901 934 ακούσανιες
915 856 1061 926 τούτων

56 936 122 1007 οῦκ
136 931 186 1008 νῦν
208 940 346 1029 ἄγχιστα
360 942 473 1032 ἡμέων
487 950 634 1016 οἰκέουσι
653 957 859 1037 Ταναγραῖοί
874 978 910 1021 τε
924 956 980 1023 καὶ
994 963 1064 1023 Κο-

56 1053 198 1124 ρωναίοι
211 1043 266 1110 καί
280 1045 454 1132 Θεσπιέες,
477 1038 589 1112 καὶ
545 1052 643 1114 ουτοί
656 1073 693 1131 γε
708 1045 776 1133 ἅμα
791 1046 874 1136 ἡμιν
885 1053 948 1119 αἰεί
959 1049 1064 1136 μαχό-

55 1164 155 1224 μενοι
177 1141 364 1228 προθύμως
385 1141 707 1230 συνδιαφέρουσι
673 1170 733 1211 τον
754 1144 911 1232 πόλεμον.
946 1152 979 1212 τί
1011 1150 1065 1214 δεῖ

56 1235 188 1305 τούτων
201 1263 239 1323 γε
256 1242 410 1322 δέεσθαι;
425 1237 510 1309 ἄλλα
521 1247 649 1327 μᾶλλον
662 1237 707 1328 μὴ
719 1239 761 1309 ου’
774 1249 874 1311 τοῦτο
891 1235 911 1331 ᾖ
926 1239 963 1310 τὸ
982 1268 1064 1329 χρη-

57 1335 205 1425 στήριον.
254 1345 399 1406 Τοιαῦτα
430 1338 673 1425 ἐπιλεγομένων
709 1338 781 1408 εἰπε
816 1339 857 1426 δή
893 1365 968 1406 κοτε
998 1366 1062 1424 μα·
1077 1354 1112 1407 80

57 1437 135 1558 θμέν
146 1461 212 1516 τις·
230 1434 313 1524 Ἐγύ
328 1466 385 1526 μοι
400 1443 505 1508 δοκέω
521 1442 672 1507 συνιέναι
686 1437 723 1506 ιδ
740 1441 849 1508 ἐθέλει
862 1443 973 1526 λέγειν
983 1438 1063 1527 ἡμῖν

55 1533 93 1604 τὸ
121 1535 293 1622 μαντήιον.
341 1534 493 1605 Ἀσωποῦ
519 1541 673 1623 λέγονται
699 1541 859 1623 γενέσθαι
880 1542 1064 1625 θυγατέρες

57 1630 153 1721 Θήβη
168 1659 203 1701 τε
217 1636 272 1702 καί
285 1642 425 1720 Αἰγινα
448 1635 579 1703 τούτων
600 1633 773 1720 ύδελφεων
794 1637 939 1703 ἐουσέων
957 1636 1062 1702 δοκέοι

57 1727 138 1818 ἧμιν
148 1735 357 1819 Αἰγινητέων
368 1732 553 1801 δέεσθαι
518 1760 580 1801 τον
593 1731 679 1801 θεὸν
689 1741 809 1820 χρῆσαι
823 1733 1062 1822 τιμωρητήρων

58 1833 226 1916 γενέσθαι.
249 1828 359 1899 καί’
320 1858 362 1899 ου
375 1829 440 1920 γάρ
458 1857 507 1910 τις
517 1832 639 1919 ταύτης
653 1828 801 1918 ἀμείνων
818 1830 934 1917 γνώμη
951 1831 1063 1899 έδόκεε

58 1936 257 2018 φαίνεσθαι,
278 1928 397 1999 αύτίκα
411 1933 599 2017 πέμψαντες
613 1933 803 1998 ἐδέοντοί
756 1936 803 1998 Αἰ
800 1931 975 2016 γινητέων,
992 1933 1063 1996 έπι-

57 2027 255 2117 καλεόμενοι
270 2026 354 2096 κατὰ
369 2027 406 2097 τδ
425 2028 628 2116 χρηστήριόν
644 2047 705 2113 σφι
727 2025 886 2112 βωθέειν,
922 2023 966 2106 ὡς
987 2026 1063 2094 ἐύν-

57 2153 125 2196 των
152 2123 351 2213 ύγχιστέων,
381 2132 414 2196 οί
440 2131 479 2196 δέ
504 2148 565 2213 σφι
592 2133 627 2195 αἰ
613 2129 738 2195 ἰτέουσι
765 2127 960 2213 ἐπικουρίην
985 2123 1064 2203 τούς

59 2231 219 2306 Αἰακίδας
239 2231 449 2315 συμπέμπειν
470 2233 609 2314 έφασαν.
653 2229 917 2312 Πειρησαμένων
940 2230 976 2292 δὲ
995 2231 1062 2292 τῶν
1076 2246 1106 2302 31

10 2394 14 2403 ,
56 2331 216 2414 Θηβαίων
230 2323 314 2393 κατὰ
330 2353 393 2414 την
407 2334 597 2448 συμμαχίην
616 2331 684 2393 τῶν
698 2330 745 2391 Αἰ
731 2325 888 2391 ίακιδέων
908 2325 962 2390 καί
983 2348 1063 2408 τρη-

10 2408 138 2511 χέως
151 2421 436 2510 περιεφθέντων“
418 2421 485 2492 υπδ
497 2449 566 2490 των
576 2419 766 2509 Ἀθηναίων
777 2414 872 2500 αὖτις
883 2426 1063 2509 οίΘηβαῖοι

54 2525 245 2608 πέμψαντες
264 2519 345 2600 τούς
364 2523 428 2608 μὲν
441 2524 603 2599 Αἰακίδας
622 2539 684 2605 σφι
701 2517 920 2604 ἀπεδίδοσανχ
944 2516 1063 2584 τῶνδε

10 2618 194 2706 ἀνδρῶν
184 2622 346 2689 ιέδέοντο.
367 2627 543 2709 Αἰγινηται
559 2622 595 2687 δὲ
611 2617 852 2706 εύδαιμονίητε
862 2618 989 2706 μεγάλη
1003 2618 1063 2683 ἐπ-

10 2740 18 2835 χ
52 2717 237 2806 κερθέντες
251 2720 307 2786 καλ
327 2723 449 2806 ἔχθρης
471 2722 612 2804 παλαιης
634 2714 906 2803 ἀναμνησθέντες
924 2714 1063 2834 ἐχούσης

10 2820 16 2941 ’χ
51 2821 87 2897 ἐς
106 2813 310 2900 Ἀθηναίους
330 2816 406 2886 τότε
421 2823 579 2903 Θηβαίων
596 2815 789 2899 δεηθέντων
811 2811 998 2936 πόλεμον’
980 2813 1063 2898 ακή

50 2941 185 3003 ρυκτον
200 2913 409 3003 Ἀθηναίοισι
423 2919 596 3004 ἐπέφερον
627 2917 845 3000 ἐπικειμένων
865 2912 930 3034 γὰρ
951 2911 1063 2980 αὐτῶν

49 3026 233 3087 Βοιωτοῖσι
251 3015 497 3092 ἐπιπλώσαντες
511 3020 656 3101 μακρῇσι
672 3014 772 3098 νηυσὶ
793 3010 876 3091 ἐς
841 3038 902 3097 την
913 3008 1063 3094 Ἀττικην

50 3109 141 3183 κατὰ
156 3111 219 3199 μὲν
234 3117 360 3199 ἔσυραν
375 3112 551 3198 Φάληρον,
568 3108 651 3178 κατὰ
667 3113 703 3179 δὲ
714 3117 771 3198 τῆς
785 3107 886 3194 ῦλλης
901 3112 1062 3194 παραλίης

48 3206 205 3288 πολλοῦς
231 3210 375 3298 δήμους,
403 3217 575 3289 ποιεῦντες
600 3212 763 3277 δὲταῦτα
790 3207 941 3295 μεγάλως
960 3202 1062 3287 Ἀθη-

49 3314 176 3387 ναίους
191 3310 351 3377 ἐσίνοντο.

131 3404 181 3474 Ἡ
192 3405 229 3474 δέ
245 3403 383 3494 έχθρηη
402 3410 669 3494 προοφειλομένη
686 3407 719 3484 ές
730 3403 930 3492 Ἀθηναίους
944 3405 982 3472 έκ
995 3409 1062 3469 τῶν
1076 3413 1112 3468 82
