2378 3840
138 183 201 248 212
511 184 763 243 unssonoTl

138 343 200 430 μὲν
214 340 256 410 οά
268 339 306 409 τὸ
322 343 563 428 στρατόπεδον·
590 340 671 422 τοδς
690 341 755 429 γάρ
770 348 836 410 έσω
848 346 1071 431 τεταγμένους
1084 349 1147 411 τοῦ

137 447 275 528 τείχεος,
297 439 334 510 τό
353 439 611 527 ἀνορθώσαντες
630 439 719 527 εἶχον
735 442 773 508 ἐν
787 447 940 531 φυλακῇ,
961 438 1024 509 οὐκ
1039 436 1096 510 οἷά
1110 465 1145 509 τε

137 533 182 625 ἦν
196 540 406 608 κατιδέσθαι·
429 537 448 609 ό
467 542 503 608 δέ
519 538 599 618 τούς
614 545 676 619 ἔξω
691 538 879 625 ἐμάνθανε,
899 553 985 608 τοίσι
1000 535 1066 624 πρδ
1083 542 1145 606 τοῦ

138 644 260 724 τείχεος
269 636 310 705 τά
325 638 413 707 ὅπλα
423 641 540 706 έκέετο,
557 644 676 724 ἔτυχον
687 637 724 705 δὲ
734 643 856 704 τοῦτον
866 633 927 704 τόν
936 636 1062 722 χρόνον
1073 643 1146 703 Λα-

139 737 347 821 κεδαιμόνιοι
360 740 421 817 ἔξω
436 740 639 824 τεταγμένοι.
663 733 742 814 τούς
755 736 818 820 μὲν
833 731 874 821 δὴ
890 733 960 821 ἀρα
976 738 1145 820 γυμναζο-

139 834 261 918 μένους
279 841 348 902 τιόν
365 832 518 922 ἀνδρῶν,
540 831 619 914 τούς
633 834 670 902 δὲ
690 830 749 910 τάς
763 833 869 918 κόμας
882 834 1143 918 κτενιζομένους.

138 938 242 997 ταῦτα
258 928 298 1018 δὴ
316 929 503 1018 θηεύμενος
528 928 676 1017 ἐθαύμαζε
693 934 749 999 καί
762 927 801 997 τό
815 934 947 1016 πλῆθος
961 929 1144 1015 ἐμάνθανε.

140 1026 261 1113 μαθοδν
278 1031 315 1097 δέ
336 1031 446 1098 πάντα
463 1029 625 1116 ἀτρεκέως
645 1028 819 1115 ἀπήλαυνε
839 1025 945 1096 ὀπίσω
966 1025 1039 1095 κατ’
1058 1024 1146 1112 ἡσυ-

139 1132 229 1211 χίην
253 1124 329 1193 οὔτε
344 1127 409 1213 γάρ
426 1153 475 1207 τις
500 1128 618 1195 ἐδίωκε
645 1125 781 1212 ἀλογίης
795 1151 831 1193 τε
846 1125 988 1212 ἐκύρησε
1001 1131 1145 1210 πολλῆς·

140 1221 302 1292 ἀπελθόν
322 1224 358 1292 δὲ
379 1230 471 1312 ἔλεγε
492 1224 577 1312 πρός
592 1227 714 1312 ,Ξέρξεα
745 1221 850 1310 τάπερ
876 1219 1007 1290 όπύπεε
1023 1221 1144 1290 πάντα.

72 1343 124 1398 209
136 1321 286 1392 Ἀκούων
300 1327 337 1393 δὲ
347 1327 470 1413 Ξέρξης
481 1324 545 1394 οάκ
560 1325 624 1412 εἶχε
635 1325 866 1411 συμβαλέσθαι
880 1321 917 1390 τδ
932 1324 1000 1408 ἐόν,
1016 1319 1071 1388 ὅτι
1081 1345 1146 1390 πα-

141 1423 398 1510 ρασκευάζοιντο
416 1423 460 1503 ὡς
476 1421 702 1509 ἀπολεόμενοί
715 1447 751 1488 τε
767 1423 823 1487 καὶ
841 1417 1040 1496 ἀπολέοντες
1062 1414 1146 1486 κατά

141 1521 304 1606 δύναμιν·
327 1518 400 1587 ἀλλ’
418 1519 508 1611 αὐτῷ
518 1529 631 1607 γελοία
645 1516 711 1607 γάρ
723 1521 902 1605 ἐφαίνοντο
913 1520 1052 1600 ποιέειν,
1068 1542 1144 1603 μετ·

142 1620 308 1702 επέμψατο
324 1618 530 1705 Δημάρητον
544 1615 604 1686 τόν
618 1611 814 1703 Ἀρίστωνος
828 1615 927 1684 έόντα
937 1617 975 1682 ἐν
984 1621 1031 1705 τῷ
1043 1633 1145 1700 στρα·

141 1719 277 1807 τοπέδηι.
307 1713 514 1802 ἀπικόμενον
529 1718 569 1785 δέ
579 1743 639 1802 μιν
654 1715 773 1804 είροάτα
789 1716 912 1801 Ξέρξης
927 1715 1049 1780 ἕκαστα
1067 1711 1144 1780 τού-

141 1840 225 1900 των,
247 1816 376 1881 ἐθέλων
389 1826 512 1901 μαθεῖν
526 1811 563 1882 τό
581 1812 785 1898 ποιεύμενον
798 1808 883 1898 πρὸς
896 1817 966 1879 τοῖν
978 1815 1140 1880 Λακεδαι·

142 1916 277 1996 μονίων.
301 1906 319 1978 ὁ
335 1914 372 1978 δὲ
383 1909 468 1979 εἷπε·
482 1911 651 1990 Ἤκουσας
664 1914 727 1997 μέν
737 1936 802 1997 μευ
813 1909 1057 1996 καὶπρότερον,
1074 1902 1147 1976 εὖτε

142 2007 310 2096 ὡρμέομεν
327 2012 381 2078 ἐπὶ
401 2009 464 2096 τὴν
479 2009 636 2096 Ἑλλάδα,
656 2013 731 2096 περὶ
754 2016 822 2078 τῶν
844 2008 979 2097 ἀνδρῶν
999 2011 1148 2078 τούτων’

142 2103 289 2185 ἀκούσας
303 2107 339 2174 δὲ
353 2107 480 2193 γέλωτά
494 2134 534 2193 με
551 2113 628 2177 ἔθευ
645 2107 784 2192 λέγοντα
801 2114 908 2195 τῇπερ
924 2103 1029 2191 ὥρεον
1048 2110 1147 2195 ἐκβη-

142 2206 268 2290 σόμενα
279 2206 455 2293 πρήγματα
466 2213 579 2274 ταῦτα.
603 2209 675 2293 ἐμοὶ
687 2205 825 2294 γάρτῆν
835 2203 1001 2294 ἀληθειαν
1012 2202 1148 2275 ἀσκέειν

142 2301 238 2372 ἀντία
254 2311 331 2388 σεῦ,
354 2296 380 2370 οἷ
393 2311 549 2391 βασιλεύ,
565 2301 659 2391 άμιδν
673 2303 826 2391 μέγιστός
841 2307 918 2372 ἐστι.
947 2300 1099 2372 ἄκουσον
1113 2305 1148 2372 δὲ

142 2404 197 2468 καὶ
210 2407 285 2468 νῦν.
301 2404 336 2469 οί
345 2399 465 2490 ἀνδρες
477 2395 571 2470 οὗτοι
582 2400 738 2471 ἀπίκαται
749 2401 969 2490 μαχεσόμενοι
980 2398 1065 2490 ἡμίν
1073 2405 1148 2489 περὶ

142 2506 199 2585 τῆς
212 2498 349 2586 ἐσόδου,
366 2501 421 2568 καὶ
434 2506 538 2586 ταῦτα
552 2501 869 2587 παρασκευάζονται.
893 2499 997 2586 νόμος
1007 2500 1075 2589 γάρ
1088 2519 1148 2585 σφι

143 2594 231 2663 οὕτω
252 2603 336 2682 έχων
356 2600 438 2666 ἐστί·
466 2596 567 2666 ἐπεάν
587 2600 730 2684 μέλλωσι
755 2599 971 2667 κινδυνεύειν
986 2606 1026 2688 τῇ
1047 2603 1148 2687 ψυχῇ,

142 2695 217 2762 τότε
228 2692 286 2774 τάς
297 2693 445 2781 κεφαλάς
457 2700 663 2783 κοσμέονται.
687 2700 842 2767 ἐπίστασο
855 2699 902 2785 δὲ,
919 2705 949 2768 εί
961 2699 1106 2778 τούτους
1115 2722 1149 2765 τε

143 2796 198 2861 καὶ
214 2790 251 2860 τό
274 2791 445 2880 ὑπομένον
462 2797 498 2862 έν
515 2795 657 2884 Σπάρτη
677 2799 935 2883 καταστρέψεαι,
956 2801 1025 2864 ἔστι
1047 2792 1149 2865 οὐδὲν

142 2888 222 2958 ἀλλο
238 2897 339 2970 ἔθνος
350 2889 555 2979 ἀνθρώπων,
570 2892 608 2960 τό
620 2912 669 2979 σε,
681 2899 831 2979 βασιλεῦ,
846 2889 1025 2978 ὑπομενέει
1038 2907 1150 2980 χεῖρας

142 2985 418 3076 ἀνταειρόμενον·
449 2997 515 3057 νῦν
534 2988 600 3076 γάρ
621 2987 706 3075 πρὸς
725 2997 904 3079 βασιληίην
918 3017 954 3059 τε
969 2997 1150 3078 καλλίστην

142 3094 209 3154 τῶν
225 3088 262 3155 έν
268 3085 402 3175 Ἕλλησι
417 3094 626 3178 προσφέρεαι.
636 3094 692 3160 καί
706 3088 833 3178 ἀνδρας
843 3088 1007 3180 ἀρίστους.
1032 3093 1150 3182 Κάρτα

142 3210 177 3252 τε
195 3183 235 3271 δὴ
248 3184 368 3254 ἀπιστιι
380 3191 485 3277 Ξέρξη
497 3190 652 3274 ἐφαίνετο
661 3186 702 3258 τά
714 3191 879 3276 λεγόμενα
891 3187 987 3276 εἶναι,
1003 3195 1061 3259 καί
1072 3190 1149 3259 δεύ·

142 3305 222 3367 τερα
238 3283 416 3371 ἐπειρώτα,
431 3284 548 3353 ὅντινα
562 3288 690 3374 τρόπον
713 3294 867 3356 τοσοῦτοι
883 3288 996 3368 ἐόντες
1008 3296 1051 3378 τῇ
1066 3292 1146 3358 ἑωυ·

140 3387 204 3449 τοῦ
212 3391 351 3475 στρατιῇ
359 3387 566 3474 μαχέσονται.
589 3385 607 3455 ὁ
619 3389 656 3458 δὲ
667 3388 752 3486 εἶπε·
769 3381 810 3456 Ὦ
821 3393 972 3476 βασιλεῦ,
984 3389 1059 3474 ἐμοὶ
1069 3393 1149 3477 χρᾶ-
