2378 3840
136 193 199 255 ‘296
517 187 765 246 HERODOTI

138 359 169 420 εἰ
181 345 291 437 ἦλθον
303 345 368 435 ’μὲν
383 345 580 422 ἀπολέοντες
597 342 675 422 τούς
692 345 827 423 Φωκέας
848 347 1042 431 δεηθέντων
1058 356 1141 416 Θεσ-

138 455 267 534 σαλόν,
289 450 358 514 ἐπεὶ
374 446 409 512 δὲ
426 442 523 531 ἀέρων
539 441 621 530 πρὸς
638 441 792 529 ἀλέξησιν
805 447 1053 534 τραπομένους,
1077 452 1142 515 δεί-
1177 528 1184 539 ..

137 568 254 623 σαντες
269 543 312 632 μὴ
326 548 380 612 καὶ
391 549 485 628 σφίσι
499 544 635 628 γένηται
646 542 818 629 τρώματα,
836 542 924 610 οὕτω
935 543 975 631 δη
988 544 1143 634 ἀπήλαυ-
1177 570 1183 593 ·

137 675 199 716 νου
214 644 320 715 όπίσω
338 640 394 719 ’ἀς
409 643 474 728 γάρ
495 661 556 726 σφι
573 643 755 708 ἐνετείλατο
768 641 995 729 Μαρδόνιος,
1018 643 1094 711 οὔτ’
1119 650 1143 713 εί
1187 729 1189 732 ¹

137 745 250 815 αὐτῶν
262 748 476 867 πειρηθῆναι
479 739 623 827 ἠθέλησε
639 749 672 808 εί
680 765 711 807 τι
727 736 829 826 ἀλκῆς
844 742 1076 828 μετέχουσι.ε
1052 771 1098 824 ως
1110 749 1143 812 δὲ

117 896 119 902 .
138 841 244 911 ὀπίσω
256 837 431 935 ἀπήλασαν
443 843 476 906 οι
489 839 624 906 ιππόται
631 842 785 923 ,πέμψας
797 840 994 925 Μαρδόνιος
1010 843 1142 930 κη’ρυκα

138 946 231 1026 ἔλεγε
245 936 338 1005 ταδε
373 938 551 1023 (θαρσέετε,
567 963 593 1002 ω
582 928 751 1014 Φωκέες.
781 932 953 1023 ανδρες
914 964 979 1025 γαρ
996 940 1142 1056 ἐφάνητε

138 1037 250 1114 ἐόντες
267 1033 407 1120 ἀγαθοὶ,
422 1031 485 1102 οὐκ
502 1031 545 1112 ἀς
560 1030 623 1119 ἐγώ
637 1033 887 1119 ἐπυνθανόμην.
911 1039 965 1102 καλ
976 1062 1046 1103 νυν
1060 1061 1143 1121 προ-
1187 1051 1189 1126 ι

137 1135 258 1221 θόμως
274 1129 435 1218 φέρετε
401 1157 461 1199 τον
476 1131 623 1217 πόλεμον
637 1136 774 1198 τοῦτον·
798 1128 1003 1221 εὐεργεσιησι
1020 1133 1088 1221 γάρ
1104 1131 1143 1202 οὐ

138 1233 292 1320 νικήσετε
301 1229 378 1299 οὔτε
390 1224 439 1299 άν
450 1231 505 1318 ἐμὲ
518 1230 594 1298 οὕτε
605 1231 751 1318 βασιλέα.
775 1228 822 1296 Τά
838 1233 910 1354 περὶ
923 1236 1074 1351 Φωκέων
1085 1234 1144 1320 μὲν

90 1337 158 1404 19'
141 1361 173 1412 ες
188 1339 327 1400 τοσοῦτο
342 1293 484 1417 ἐγένετό,
498 1327 757 1414 Λακεδαιμόνιοι
775 1325 847 1394 δὲ’
826 1353 870 1406 ως
884 1332 916 1407 ές
933 1327 993 1397 τὸν
1007 1327 1144 1417 Ἰσθμὸν

138 1426 266 1519 ηλθον,
289 1431 325 1497 ἐν
345 1427 452 1517 τοότφ
473 1424 800 1513 ἐστρατοπεδεύοντο.
833 1425 1094 1514 πυνθανόμενοι
1111 1428 1144 1494 δὲ

139 1535 243 1596 ταῦτα
258 1530 292 1594 οί
304 1526 413 1594 λοιποὶ
423 1524 703 1610 Πελοποννήσιοι,
717 1536 802 1590 τοῖσι
813 1517 852 1588 τά
864 1519 989 1611 ἀμείνω
1004 1522 1144 1613 ἥνδανε,
1188 1550 1189 1599 λ

139 1632 174 1696 οί
189 1626 224 1694 δὲ
240 1621 330 1693 κάλ’
316 1625 468 1710 ορέοντες
483 1622 629 1703 ἐξιόντας
643 1621 871 1709 Σπαρτιήτας,
892 1620 954 1690 οὐκ
974 1621 1144 1693 ἐδικαίευν

140 1731 314 1793 λείπεσθαι
338 1749 396 1808 της
421 1722 538 1802 ἐξόδου
560 1724 843 1807 Λακεδαιμονίων.
880 1721 916 1787 ἐκ
941 1715 1038 1806 δη
1009 1748 1063 1789 ων
1087 1729 1144 1792 τοῦ

137 1822 274 1908 Ἰσθμοῦ
293 1821 566 1908 καλλιρησάντων
586 1827 653 1888 τάν
675 1825 759 1908 ἀράν
784 1820 985 1906 ἐπορεύοντο
1009 1824 1144 1911 πάντες,

141 1926 196 1991 καὶ
207 1920 420 1990 ἀπικνέονται
431 1925 464 2001 ἐς
474 1919 644 1991 Ἐλευσῖνα
654 1947 660 1957 ·
672 1922 870 2008 ποιήσαντες
881 1922 916 1988 δέ
928 1926 982 1990 καὶ
995 1925 1145 1994 ἐνθαῦτα

141 2018 213 2106 ίρά,
232 2020 275 2098 ἀς
293 2039 353 2105 σφι
369 2025 546 2106 έκαλλίρεε,
561 2018 598 2086 τό
614 2018 730 2102 πρόσω
745 2019 957 2105 ἐπορεύοντο,
970 2018 1145 2108 Ἀθηναῖοι

141 2119 176 2186 δὲ
192 2118 260 2204 ἀμα
276 2114 416 2202 αὐτοῖσι,
432 2116 606 2204 διαβάντες
619 2116 682 2202 μὲν
696 2119 732 2183 ἐκ
744 2124 945 2201 Σαλαμῖνος,
960 2121 1147 2204 συμμιγέν-

141 2243 192 2294 τες
206 2220 241 2283 δὲ
257 2219 293 2284 ἐν
305 2213 474 2285 Ἐλευσῖνι.
499 2212 543 2293 ὡς
558 2216 593 2282 δέ
608 2213 672 2302 ἀρα
690 2212 848 2283 ἀπίκοντο
865 2221 921 2300 τῆς
935 2224 1101 2303 Βοιωτίης
1117 2223 1147 2296 ἐς

137 2312 318 2405 Ἐρυθραῖς,
335 2312 464 2400 ἔμαθόν
478 2339 513 2380 τε
528 2309 568 2399 δὴ
582 2310 659 2390 τοὺς
674 2312 865 2400 βαρβάρους
881 2314 934 2380 ἐπὶ
949 2320 996 2403 τῷ
1008 2310 1149 2407 Ἀσωπβ

141 2413 518 2498 στρατοπεδευομένους,
536 2413 745 2497 φρασθέντες
759 2409 800 2477 δὲ
806 2415 905 2478 τοῦτο
920 2407 1148 2483 ἀντετάσσον-

90 2526 128 2578 20
143 2535 180 2576 το
197 2511 248 2576 ἐπὶ
264 2514 321 2594 τῆς
336 2503 488 2595 ὑπωρέης
502 2515 563 2585 τοῦ
578 2514 801 2594 Κιθαιρῶνος.
827 2509 1023 2596 Μαρδόνιος
1041 2511 1090 2599 δὲ,
1108 2509 1150 2592 ὡς

141 2605 183 2675 οὐ
199 2609 396 2694 κατέβαινον
407 2602 602 2695 οίἝλληυες
614 2609 646 2685 ἐς
656 2604 693 2674 τό
707 2610 833 2690 πεδίον,
846 2608 966 2694 πέμπει
978 2612 1011 2688 ἐς
1023 2609 1151 2691 αὐτοὺς

141 2712 253 2771 πᾶσαν
267 2702 328 2789 τὴν
344 2707 465 2792 ἵππον,
490 2714 547 2792 τῆς
563 2705 722 2792 ίππάρχεε
739 2710 924 2797 Μασίστιος
939 2705 1151 2796 εὐδοκιμέων

141 2800 232 2888 παρὰ
243 2803 402 2890 Πέρσησι,
417 2801 640 2887 τδνἝλληνες
653 2807 843 2871 Μακίστιον
858 2805 1027 2892 καλέουσι,
1043 2810 1150 2876 ἰ’ππον

142 2905 227 2986 ἔχων
242 2906 386 2967 Νισαῖον
403 2899 647 2986 χρυσοχάλινόν
661 2925 695 2966 τε
710 2904 765 2967 καί
776 2898 884 2979 άλλως
895 2908 1151 2989 κεκοσμημένον

141 3003 260 3075 καλῶς.
289 3000 437 3065 ἐνθαῦτα
460 2995 504 3076 ὡς
525 2997 740 3115 προσηλασαν
758 3003 793 3066 ολ
809 2999 945 3066 ἱππόται
967 2998 1055 3085 πρὸς
1072 3003 1153 3085 τούς

141 3091 315 3182 Ελληνας,
330 3099 540 3184 προσεβαλον
549 3122 633 3163 κατα
621 3092 755 3164 τέλεα·
778 3095 1026 3183 προσβαλόντες
1043 3101 1080 3168 δέ
1091 3130 1153 3170 κα-

111 3190 185 3291 ρκά
210 3192 335 3278 μεγάλα
364 3196 540 3280 ἐργάζοντο
562 3195 617 3261 καὶ
636 3194 797 3280 γυναῖκάς
823 3213 928 3279 σφεας
948 3190 1151 3270 ἀπεκάλεον

93 3308 127 3360 τι
144 3285 239 3356 Κατά
257 3297 437 3377 συντυχίην
453 3291 489 3358 δέ
502 3295 676 3411 Μεγαρέες
692 3297 808 3378 ἔτυχον
822 3293 1053 3379 ταχθέντες
1010 3324 1053 3386 τη
1068 3327 1106 3367 τε
1117 3328 1152 3369 το

140 3381 435 3476 ἐπιμαχώτατον
413 3417 457 3480 ην
477 3417 538 3458 του
559 3397 684 3479 χωρίου
704 3391 844 3479 παντός,
871 3388 961 3480 καὶὴ
983 3395 1155 3478 πρόσοδος
