2378 3840
133 192 196 256 226
520 200 756 260 HERODOTI

136 367 252 453 ταιέες,
271 366 397 458 ἀπειροι
410 374 467 455 τῆς
484 377 642 459 ναυτικῆς
661 369 782 459 ἐόντες,
802 373 1037 462 συνεπλήρουν
1055 391 1146 446 τοῖσι

134 464 338 554 Ἀθηναίοισι
355 467 414 547 τάς
432 471 518 550 νέας
555 479 732 558 Κορίνθιοι
752 472 788 540 δὲ
805 473 1045 561 τεσσεράκοντα
1063 478 1146 557 νέας

136 574 343 655 παρείχοντο,
356 571 525 657 Μεγαρέες
534 569 574 638 δὲ
584 581 694 640 εἴκοσι.
716 573 772 639 καὶ
783 575 959 653 Χαλκιδέες
970 576 1144 665 ἐπλήρουν

137 678 240 736 είκοσι
259 666 448 754 Ἀθηναίων
465 693 525 757 σφι
542 670 755 759 παρεχόντων
773 673 832 752 τὰς
849 674 943 759 νέας,
964 683 1147 763 Αἰγινῆται

137 768 173 834 δὲ
183 766 419 856 ὀκτωκαίδεκα,
431 769 609 839 Σικυώνιοι
618 772 655 840 δέ
662 777 874 860 δυοκαίδεκα,
885 777 1146 862 Λακεδαιμόνιοι

135 867 172 934 δέ
191 869 281 952 δέκα,
297 867 500 959 Ἐπιδαύριοι
518 871 556 939 δὲ
574 869 672 958 όκτύ,
688 870 861 961 Ἐρετριέες
875 873 912 942 δὲ
923 875 1015 962 ἑπτά,
1041 886 1144 965 Τροι-

135 967 238 1053 ζήνιοι
258 968 294 1035 δὲ
312 970 423 1054 πέντε,
443 972 590 1058 Στυρέες
608 973 645 1040 δέ
664 972 725 1042 δύο
744 975 800 1040 καὶ
818 983 911 1043 Κεῖοι
929 975 991 1043 δύο
1008 1003 1043 1043 τε
1061 978 1144 1055 νέας

136 1068 192 1133 καὶ
211 1072 491 1156 πεντηκοντέρους
515 1071 588 1141 δύο.
624 1073 746 1160 Λοκροὶ
765 1075 806 1141 δέ
829 1080 940 1195 σιγιοί
952 1072 1143 1144 Ὀπούντιοι

101 1185 117 1232 2
137 1167 327 1253 ἐπεβάθεον
340 1173 619 1260 πεντηκοντέρους
638 1175 799 1258 ἔχοντες
782 1173 871 1242 επτά.
891 1166 997 1244 Ησαν
1009 1169 1119 1262 μὲν
1093 1204 1142 1243 ων

137 1260 230 1334 ούτοι
248 1273 282 1334 οί
307 1272 559 1358 στρατευόμενοι
576 1269 628 1340 ἐπ’
645 1268 864 1392 Ἀρτεμίσιον,
890 1285 1013 1362 εἴρηται
1030 1276 1074 1343 δέ
1086 1304 1143 1362 μοι

132 1365 217 1432 staff
197 1387 278 1435 οσον
291 1396 327 1437 το
317 1367 494 1454 πληθος
474 1379 677 1441 εκαστοιτων
683 1400 771 1441 νεων
779 1380 983 1461 παρείχοντο
997 1372 1142 1461 ἀριθμὸς

130 1470 167 1538 δὲ
181 1477 248 1537 τῶν
263 1473 528 1556 συλλεχθεισέων
549 1496 635 1535 νεων
653 1467 706 1535 ἐπ’
725 1465 971 1556 Ἀρτεμίσιον
948 1500 1009 1561 ην,
1030 1474 1137 1564 πάρεξ

130 1577 197 1637 τῶν
208 1572 496 1653 πεντηκοντέρων,
511 1574 570 1654 μία
581 1568 636 1633 καί
651 1567 878 1652 ἑβδομήκοντα
889 1574 943 1637 καὶ
955 1573 1135 1658 διηκόσιαι.

130 1665 190 1743 τόν
206 1669 242 1734 δὲ
258 1663 444 1750 στρατηγόν
458 1663 518 1732 τόν
530 1661 566 1732 τό
579 1666 735 1750 μέγιστον
750 1665 871 1749 κράτος
886 1672 1002 1753 ἔχοντα
1017 1679 1137 1758 παρεί-

129 1793 226 1856 χοντο
238 1771 444 1850 Σπαρτιῆται
457 1762 670 1850 Εὐρυβιάδεα
685 1760 745 1831 τόν
756 1760 997 1848 Εὐρυκλείδεω.
1023 1775 1056 1836 oc
1069 1769 1137 1856 γάρ

131 1868 295 1954 σύμμαχοι
307 1861 369 1931 ούκ
383 1869 522 1949 ἔφασαν,
540 1857 584 1946 ἢν
595 1859 638 1946 μή
651 1858 669 1928 ὁ
681 1863 806 1928 Λάκων
818 1857 1017 1954 ἡγεμονεύῃ,
1032 1864 1138 1954 Ἀθη-

131 1973 253 2033 ναίοισι
265 1967 405 2043 ἕψεσθαι
419 1958 639 2047 ἡγεομένοισι,
655 1956 738 2027 ἀλλά
751 1960 868 2027 λύσειν
879 1959 915 2028 τὸ
928 1967 1050 2047 μέλλον
1063 1971 1140 2032 ἔσε-

98 2085 112 2139 3
131 2076 210 2133 σθαι
227 2061 424 2146 στράτευμα.
445 2055 591 2143 Ἐγένετο
607 2055 672 2143 γάρ
688 2054 761 2123 κατ’
775 2054 878 2142 ἀρχάς
891 2058 1006 2148 λόγος,
1022 2059 1139 2149 πρὶνῆ

131 2164 185 2230 καὶ
199 2165 232 2240 ἐς
247 2164 406 2244 Σικελίην
420 2160 562 2243 πέμπειν
574 2157 625 2222 ἐπὶ
641 2163 845 2242 συμμαχίην,
864 2154 908 2236 ὡς
922 2157 958 2225 τό
974 2159 1139 2228 ναυτικόν

131 2260 333 2347 Ἀθηναίοισι
350 2254 459 2343 χρεοδν
482 2266 530 2342 εἴη
549 2255 751 2339 έπιτράπειν.
782 2253 993 2343 ἀντιβάντων
1014 2264 1051 2328 δὲ
1069 2269 1139 2330 τῶν

132 2360 314 2444 συμμάχων
330 2354 420 2423 εἶκον
436 2360 470 2423 οί
478 2353 666 2440 Ἀθηναῖοι,
682 2356 766 2439 μέγα
778 2359 994 2442 πεποιημένοι
1010 2376 1140 2445 περιεῖ-

132 2485 186 2524 ναι
202 2453 263 2542 την
279 2452 437 2538 Ἐλλάδα,
460 2455 514 2519 καὶ
534 2450 688 2537 γνόντες,
708 2457 738 2519 εί
751 2453 967 2520 στασιάσουσι
988 2458 1140 2542 περὶτῆς

127 2549 362 2672 ηγεμοηίης,
341 2578 385 2630 ως
400 2547 607 2639 ἀπολέεταιη
620 2548 746 2637 Ἑλλάς,
762 2548 850 2636 ὀρθά
868 2559 1039 2632 νοεῦντες·
1056 2556 1141 2621 στά-

130 2677 182 2731 σις
209 2650 272 2737 γάρ
291 2656 438 2738 ἔμφυλος
455 2653 602 2735 πολέμου
624 2646 892 2736 ὁμοφρονέοντος
906 2651 1055 2719 τοσούτω
1077 2654 1142 2720 κά-

131 2755 207 2822 κιόν
225 2750 346 2835 έστι,”
326 2773 394 2818 οσω
409 2750 554 2835 πόλεμος
569 2748 710 2870 είρηνης.
742 2742 1015 2833 Ἐπιστάμενοι
988 2776 1037 2816 ων
1055 2749 1139 2817 αὐτὰ

129 2862 229 2923 τοῦτο
246 2849 308 2919 ούκ
321 2849 521 2933 ἀντέτεινον,
537 2844 610 2915 ἀλλ’
625 2845 725 2929 εἶκον,
742 2845 872 2972 μέχρι”
852 2865 936 2913 οσον
947 2845 1052 2965 κάρτα
1066 2850 1140 2915 ἐδέ-

132 2979 210 3022 οντο
228 2948 356 3034 αὐτῶν,
373 2947 417 3029 ὡς
433 2949 592 3028 διέδεξαν.
615 2939 656 3020 ἀς
669 2942 733 3034 γάρ
743 2945 821 3033 δη’
796 2944 959 3035 ωσάμενοι
974 2942 1033 3012 τόν
1047 2951 1140 3031 Πέρ-

132 3077 196 3142 σην
213 3055 340 3137 περὶ
301 3078 359 3136 της
376 3053 506 3117 ἐκείνου
519 3045 630 3132 ἤδη
597 3073 657 3113 τον
672 3044 786 3130 ἀγωνα
797 3049 970 3114 ἐποιεῦντο
978 3044 1137 3130 ,πρόφα

134 3172 189 3220 σιν
210 3149 272 3238 τὴν
287 3153 487 3215 Παυσανίεω
507 3144 608 3231 ὕβριν
623 3145 859 3230 προϊσχόμενοι
879 3142 1056 3211 ἀπείλοντο
1078 3171 1141 3230 την

131 3248 315 3338 ηγεμονίην
329 3243 408 3323 τούς
424 3248 716 3329 Λακεδαιμονίους.
741 3241 825 3311 ἀλλά
846 3249 949 3310 ταῦτα
963 3240 1064 3328 μδν”
1040 3262 1141 3310 νστε-

98 3373 119 3425 4
134 3376 196 3438 ρον
209 3349 354 3466 ἐγένετο·
381 3341 463 3411 Τότε
477 3333 568 3410 δὲ
526 3366 619 3408 ουτοι
631 3343 665 3407 os
674 3342 729 3407 καί
744 3338 795 3407 ἐπ’
807 3338 1012 3426 Ἀρτεμίσιον
1021 3338 1141 3426 Ελλή-

121 3473 199 3513 νων
210 3440 416 3526 άπικομενοι
435 3437 480 3521 ὡς
496 3439 640 3511 εἶδον’
600 3461 678 3518 νεας
691 3462 726 3504 τε
737 3435 861 3515 πολλάς
875 3444 1094 3522 καταχθείσας
1107 3443 1141 3519 ές
