2378 3840
98 177 141 240 68
480 182 733 241 HERODOTI

57 355 85 408 ιο
99 364 165 427 γον
180 339 395 426 ἐποιησάμην.
431 338 611 410 Ἐνθεδτεν
624 345 659 408 oc
671 346 897 431 ζωγρηθέντες
909 353 978 415 τῶν
990 354 1106 434 Μιλη-

100 445 183 507 σίων
193 436 314 524 ἤγοντο
326 440 359 517 ές
368 445 494 507 Σοῦσα.
515 435 674 527 βασιλεὺς
686 442 725 507 δέ
732 460 837 527 σφεας
844 452 988 531 Δαρεῖος
998 440 1106 511 κακὸν

100 534 201 605 οὐδὲν
216 534 295 605 ἄλλο
308 537 449 624 ποιήσας
459 544 626 606 κατοίκισε
640 538 694 607 ἐπὶ
708 545 748 626 τῇ
758 536 905 629 Ἐρυθρή
920 543 1105 629 καλεομένη

98 634 271 723 θαλάσσῃ,
293 637 329 702 έν
341 634 452 724 ’Ἀμπη
466 635 562 722 πόλι,
583 630 664 722 παρ’
682 631 726 720 ήν
743 641 865 723 Τίγρης
879 633 1025 724 ποταμὸς
1038 661 1106 704 πα-

98 737 251 821 ραρρέων
265 738 297 812 ἐς
307 734 485 803 θάλασσαν
496 738 580 816 ἐξίει.
597 739 655 820 τής
666 733 702 800 δέ
710 741 879 822 Μιλησίης
888 735 998 824 χώρης
1008 733 1104 804 αὐτοὶ

98 831 160 919 μὲν
177 835 211 900 οί
218 835 344 920 Πέρσαι
359 831 448 919 είχον
457 830 497 901 τά
510 833 586 919 περὶ
600 828 663 917 τήν
677 832 778 900 πόλιν
793 834 848 900 καί
860 831 898 900 τὸ
913 837 1048 921 πεδίον,
1062 830 1103 901 τά

57 929 135 1001 ιιδὲ
149 926 337 1015 ὑπεράκρια
354 934 476 998 έδοσαν
492 930 599 1017 Καρσί
612 931 808 1014 Πηδασεῦσι
818 934 1007 1015 κεκτῆσθαι.
1028 939 1102 999 Πα-

96 1032 200 1143 θρῦσι
216 1028 369 1095 δὲταῦτα
382 1033 578 1114 Μιλησίοισι
594 1021 679 1112 πρὸς
688 1028 848 1113 Περσέων
860 1024 923 1096 οὐκ
934 1025 1102 1098 ἀπέδοσαν

96 1123 159 1243 τήν
174 1123 253 1211 ὁμοί
251 1152 294 1211 ην
310 1134 515 1214 Συβαρῖται,
537 1131 572 1193 οἳ
584 1123 680 1194 Λάον
699 1149 734 1192 τε
754 1126 810 1192 καὶ
822 1129 973 1245 Σκήδρον
990 1134 1101 1194 υίκεον

96 1229 155 1308 τῆς
171 1221 321 1303 πόλιος’
301 1227 570 1344 απεστερημένοι.
605 1223 780 1309 Συβάριος
794 1218 859 1310 γάρ
874 1220 1021 1308 ἁλούσης
1033 1217 1101 1290 ὑπὸ

96 1325 358 1441 Κροτωνιητέων
369 1321 529 1410 Μιλήσιοι
542 1320 665 1400 πάντες
674 1315 834 1408 ήβηδὸν’
814 1326 1033 1406 αττεκείραντο
1043 1317 1102 1399 τάς

96 1417 245 1505 κεφαλας
255 1423 310 1489 καί
319 1423 446 1500 πενθσς
456 1446 539 1507 μεγα
551 1419 822 1508 προσεθηκαντο
838 1416 951 1498 πολιες
961 1444 1027 1507 γαρ
1038 1444 1102 1486 αυ-

95 1545 149 1587 ται
163 1518 305 1606 μάλιστα
320 1519 360 1608 δή
377 1528 444 1589 τῶν
458 1517 553 1608 ἡμεῖς
567 1523 664 1605 ίδμεν
679 1516 840 1607 άλλήλησι
855 1516 1100 1638 έξεινρίθησαν

96 1613 197 1684 οὐδὲν
214 1614 336 1703 ὁμοίως
350 1623 404 1687 καὶ
422 1617 604 1705 Ἀθηναῖοι.
644 1614 817 1703 Ἀθηναῖοι
836 1613 957 1702 μέν
917 1641 983 1703 γαρ
998 1619 1102 1702 δήλου

95 1716 255 1801 ἐποίησαν
266 1713 575 1806 ὑπεραχθεσθέντες
585 1722 625 1805 τῇ
636 1716 792 1802 Μιλήτου
802 1711 908 1783 ἁλιάσι
918 1722 958 1805 τῇ
969 1740 1004 1783 τε
1016 1712 1100 1802 άλλη

94 1823 257 1906 πολλαχῇ,
275 1818 330 1885 καὶ
347 1816 387 1906 δή
399 1821 455 1887 καὶ
465 1821 641 1906 ποιήσαντι
653 1824 809 1909 Φρυνίχῳ
820 1821 932 1904 δρᾶμα
942 1814 1099 1902 Μιλήτου

95 1914 222 1984 ἅλωσιν
236 1920 292 1986 καὶ
306 1919 475 1999 διδάξαντι
487 1922 521 1999 ές
532 1918 664 2006 δάκρυά
676 1943 714 1985 τε
728 1923 823 1984 ἔπεσε
835 1913 872 1985 τὰ
884 1919 1031 2003 θέητρον
1044 1916 1099 1982 καί

95 2013 279 2100 ἐζημίωσάν
289 2044 348 2102 μιν
360 2015 404 2097 ὡς
414 2014 653 2106 ἀναμνήσαντα
664 2017 774 2104 οίκήια
784 2013 869 2084 κακά
881 2020 1004 2102 χιλίῃσι
1015 2017 1100 2100 δρα-

93 2118 209 2200 χμῇσι,
229 2115 285 2181 καί
305 2112 463 2195 ἐπέταξαν
478 2119 594 2202 μηκέτι
613 2117 741 2201 μηδένα
761 2119 907 2200 χρᾶσθαι
928 2109 1035 2201 τούτῳ
1052 2115 1098 2201 τῷ

95 2211 246 2298 δράματι.

57 2331 78 2383 ιν
177 2316 327 2398 Μίλητος
348 2315 410 2398 μέν
424 2340 490 2382 υνν
506 2318 686 2399 Μιλησίων
704 2307 877 2398 ἠρήμωτο,
899 2313 1041 2394 Σαμίων
1062 2305 1097 2372 δὲ

92 2413 179 2474 τοῖσί
191 2435 222 2475 τι
233 2413 344 2493 έχουσι
358 2405 395 2478 τὸ
409 2411 471 2496 μέν
482 2412 516 2490 ές
525 2406 606 2489 τούς
617 2409 760 2496 Μήδους
771 2409 808 2475 έκ
822 2412 891 2473 τῶν
903 2409 1098 2493 στρατηγῶν

91 2510 160 2571 τῶν
175 2508 347 2595 σφετέρων
360 2509 505 2595 ποιηθέν
518 2505 674 2595 οὐδαμῶς
686 2505 824 2595 ἤρεσκε,
838 2503 951 2573 ἐδόκεε
962 2503 999 2571 δέ
1013 2497 1095 2587 μετά

90 2602 153 2691 τήν
164 2613 352 2693 ναυμαχίην
363 2605 481 2676 αὐτίκα
491 2611 777 2696 βουλευομένοισι,
792 2607 874 2693 πρὶν
886 2603 980 2691 ήσφι
991 2605 1025 2682 ές
1035 2598 1097 2688 τὴν

90 2701 204 2787 χάρηυ
221 2698 403 2771 ἀπικέσθαι
413 2701 475 2771 τὸν
485 2706 657 2792 τύραννον
667 2710 714 2773 At
699 2705 811 2790 ί,άκεα
827 2699 1029 2788 έςάποικίην
1040 2703 1097 2769 έκ·

90 2798 217 2866 πλωειν
232 2798 315 2884 μηδὲ
326 2803 488 2884 μένοντας
499 2803 653 2890 Μήδοισί
660 2829 696 2871 τε
706 2804 762 2870 καὶ
772 2801 894 2870 Αίάκεί
906 2796 1094 2867 δουλεύειν.
1135 2856 1137 2860 ,

89 2903 271 3016 Ζαγκλαῖοι
284 2893 349 2986 γάρ
362 2897 427 2966 οῖ’
408 2925 473 2967 απσ
463 2897 605 2968 Σικελί
602 2926 641 2986 ης
650 2896 711 2968 τὸν
721 2896 826 2967 αὐτὸν
836 2896 962 2986 χρόνον
973 2901 1096 2965 τοῦτον

90 2994 275 3080 πέμποντες
288 2992 369 3073 ές
333 3021 395 3083 την
402 2993 531 3118 Ἰωνίην
540 2994 703 3084 άγγέλονς
712 2998 929 3066 ἐπεκαλέοντο
941 2990 1022 3073 τούς
1026 2991 1093 3063 ”Im

89 3119 150 3171 νας
170 3095 203 3171 ές
217 3091 378 3181 Καλήν’
358 3093 494 3215 ακτήν,
503 3097 706 3216 βουλόμενοι
722 3094 845 3167 αὐτόθι
866 3095 968 3165 πόλιν
986 3101 1093 3164 κτίσαι

84 3188 224 3259 Ἰάνων
245 3217 267 3278 η
254 3188 322 3260 δὲ
338 3190 432 3280 Καλή
447 3192 532 3280 αὕτη
547 3192 628 3281 άκτη
617 3192 823 3281 καλεομένη
837 3195 905 3262 έστὶ
920 3193 982 3280 μὲν
992 3201 1094 3262 Σικε-

88 3295 158 3357 λων
165 3310 271 3407 προς
282 3289 319 3357 δέ
334 3297 527 3378 Τυρσηνίην
537 3294 792 3378 τετραμμένη
753 3317 810 3378 της
820 3298 993 3379 Σικελίης
1015 3291 1093 3360 τοά

88 3411 157 3475 των
171 3410 220 3452 ων
232 3388 499 3474 ἐπικαλεομένων
509 3393 544 3457 νί
551 3388 677 3475 Σάμιοι
687 3397 808 3476 μοῦνοι
820 3386 943 3458 Ἰάνων
954 3390 1092 3476 ἐστάλη·
