2378 3840
293 183 382 287 m.
418 209 474 263 vfl.
511 178 609 264 τεν.
645 213 821 271 ιιι-ιω.
1001 211 1063 276 σου

55 371 218 459 δισμύρια
229 367 360 450 πλέθρα
373 372 435 434 τοῦ
450 370 569 434 πεδίου
584 367 660 434 ἐστί.
683 374 744 435 τοῦ
756 371 792 438 δὲ
804 369 938 459 οὔρεος,
953 371 989 441 τό
1003 397 1064 442 πε·

58 470 199 554 ρικληίει
216 461 278 551 τὴν
291 472 357 552 γῆν
371 462 433 551 την
452 471 649 551 Τρηχινίην,
668 470 736 533 έστι
751 468 894 555 διασφὰξ
906 466 990 558 πρός
1003 496 1064 556 με·

58 567 226 650 σαμβρίην
244 569 420 650 Τρηχίνος,
442 558 498 630 διδι
514 566 549 630 δέ
564 569 622 650 τῆς
638 565 823 651 διασφάγος
838 563 985 647 Ἀσωπός
999 593 1063 636 πο-

57 658 160 746 ταμός
174 663 240 746 ῥέει
252 657 342 745 παρὰ
353 657 416 746 τὴν
426 657 586 745 δαύρεαν
599 667 661 727 τοῦ
673 658 799 746 οὔρεος.
812 660 905 732 ’Ἐστι
916 668 952 732 δὲ
965 662 1064 744 ίίλλος
1078 688 1132 742 κρυ
1156 708 1166 726 ..

58 761 174 838 Φοίνιξ
189 755 336 842 ποταμός
347 754 389 823 ού
400 757 501 843 μέγας
512 755 598 845 πρὸς
607 764 816 845 μεσαμβρίην
828 768 888 828 τοῦ
899 759 1069 849 Ἀσωποῦ,

58 855 95 935 δς
110 859 146 924 έκ
164 863 232 923 τῶν
249 852 379 939 ούρέων
394 852 525 922 τούτων
542 857 629 943 ῥέων
646 857 678 934 ές
691 852 752 922 τόν
764 853 914 925 Ἀσωπόν
928 862 1063 926 έκδιδοί,

58 952 142 1022 κατὰ
159 953 195 1021 δέ
208 949 269 1020 τόν
286 956 429 1020 Φοίνικα
446 949 598 1038 ποταμόν
612 953 826 1021 στεινότατόν
839 955 922 1022 έστι·
945 953 1064 1041 ἁμαξι·

57 1051 115 1131 τός
126 1050 190 1139 γὰρ
206 1057 264 1137 μία
274 1051 385 1138 μούνη
400 1055 566 1138 δέδμηται.
587 1050 653 1119 ἀπὸ
669 1053 706 1118 δέ
719 1058 780 1119 τοῦ
792 1059 949 1133 Φοίνικος
959 1078 1064 1122 ποτα-

58 1157 126 1236 μοῦ
141 1152 377 1216 πεντεκαίδεκα
391 1150 510 1217 στοίδιύ
527 1151 596 1216 ἐστι
609 1153 646 1227 ές·
658 1151 887 1238 Θερμοπύλας.
909 1153 946 1219 έν
962 1155 998 1220 δέ
1018 1159 1064 1244 τῷ

59 1244 180 1335 μεταξύ
189 1252 346 1326 Φοίνικος
355 1253 507 1334 ποταμοῦ
517 1249 572 1315 καί
579 1251 826 1334 Θερμοπυλέων
836 1249 930 1336 κύμη
941 1252 1064 1341 τέέστι,

57 1355 97 1436 τῇ
110 1345 239 1431 ούνομα
249 1345 394 1434 Ἀνθήλη
405 1348 524 1432 κέεται,
532 1343 612 1434 παρ’
621 1342 664 1431 ἣν
673 1343 714 1432 δὴ
723 1345 949 1435 παραρρέωυὸ
961 1345 1063 1415 Ἀσω-

58 1442 121 1523 πός
135 1446 168 1522 ές
181 1444 361 1511 δύλασσαν
380 1447 521 1529 ἐκδιδοῖ,
543 1445 599 1510 καλ
611 1450 719 1528 χῶρος
735 1448 810 1531 περὶ
831 1443 937 1533 αύτην
952 1444 1063 1533 εὐρύς,

58 1547 95 1612 έν
116 1549 165 1634 τῷ
182 1540 363 1628 Δήμητρός
383 1567 419 1608 τε
439 1537 516 1628 ίρδν
535 1537 811 1626 Ἀμφικτυονίδος
831 1545 965 1627 ἵδρυται
972 1595 981 1628 ,
1008 1546 1064 1611 καὶ

59 1645 152 1728 ἕδραι
165 1643 226 1710 είσὶ
238 1639 455 1726 Ἀμφικτύοσι
465 1640 521 1706 καί
532 1635 638 1705 αὐτοῦ
650 1645 711 1705 τοῦ
721 1636 967 1725 Ἀμφικτύονος
977 1641 1062 1728 ίρόν.

144 1735 307 1815 Βασιλεύς
327 1739 389 1823 μὲν
405 1735 445 1822 δὴ
461 1739 584 1822 Ξέρξης
603 1737 900 1819 ἐστρατοπεδεύετο
914 1745 971 1825 τῆς
986 1746 1067 1824 Μη-
1081 1758 1129 1810 201

58 1843 150 1917 λίδος
161 1839 198 1905 έν
212 1844 251 1925 τῇ
265 1841 434 1924 Τρηχινίη,
451 1839 485 1903 οί
499 1833 536 1902 δὲ
551 1831 592 1919 δὴ
599 1831 757 1918 Ἕλληνες
771 1835 808 1899 έν
817 1840 858 1921 τῇ
870 1834 980 1924 διόδῳ.
1003 1861 1065 1902 κα-

61 1939 164 2009 λέεται
180 1938 217 2002 δέ
233 1932 250 2003 ὁ
266 1941 373 2021 χῶρος
388 1925 486 2010 οὗτος
501 1928 568 1998 ὑπὸ
580 1929 642 2016 μὲν
653 1937 722 1997 τῶν
732 1930 886 1997 πλεόνων
896 1928 1066 2018 Ἑλλήνων

58 2033 286 2121 Θερμοπύλαι,
294 2028 360 2099 ὑπὸ
371 2029 407 2098 δὲ
418 2036 486 2097 τῶν
494 2030 679 2116 ἐπιχωρίων
689 2029 744 2096 καὶ
756 2032 1063 2114 περιοίκωυΠύλαι.

59 2131 378 2220 ἐστρατοπεδεύοντο
401 2129 464 2215 μέν
484 2154 551 2195 νυν
572 2126 722 2213 ἑκάτεροι
747 2128 784 2192 έν
810 2126 958 2194 τούτοισι
980 2142 1065 2196 τοῖσι

58 2236 224 2318 χωρίοισι,
246 2227 422 2311 ἐπεκράτεε
443 2227 479 2296 δὲ
501 2223 518 2295 ὁ
540 2226 603 2312 μδν
622 2231 691 2292 τῶν
710 2222 795 2311 πρὸς
806 2225 926 2311 βορέην
940 2225 1066 2312 όίνεμον

58 2327 204 2412 ε’χόντων
218 2325 357 2394 πόντων
371 2328 465 2412 μέχρι
482 2323 660 2412 Τρηχῖνος,
677 2326 712 2390 οί
731 2326 767 2390 δὲ
782 2330 850 2390 τῶν
866 2323 950 2412 πρός
965 2325 1066 2392 νότον

58 2428 113 2492 καὶ
134 2430 344 2511 μεσαμβρίην
361 2423 537 2511 φερόντων
558 2418 595 2491 τό
618 2422 670 2490 έπὶ
690 2419 812 2507 ταύτης
833 2429 891 2508 τῆς
913 2419 1064 2510 ἠπείρου.

53 2514 159 2587 Ἦσαν
176 2522 212 2587 δέ
229 2524 300 2588 οίδε
315 2519 485 2607 Ἑλλήνων
505 2525 539 2588 οί
557 2517 783 2605 ὑπομένοντες
801 2516 862 2586 τὸν
877 2522 1012 2607 Πέρσην
1030 2523 1068 2589 έν
1082 2540 1136 2594 202

57 2617 165 2709 τούτφ
180 2624 227 2708 τῷ
240 2617 354 2709 χύρφ·
376 2620 616 2705 Σπαρτιητέων
624 2642 660 2684 τε
669 2617 854 2704 τριηκόσιοι
869 2614 1000 2686 ὁπλῖται
1011 2622 1065 2689 καί

62 2715 252 2802 Τεγεητέων
261 2716 322 2782 καὶ
336 2718 539 2782 Μαντινέων
555 2720 671 2801 χίλιοι,
686 2710 820 2800 ἡμίσεες
833 2717 1015 2803 έκατέρων,
1032 2719 1066 2797 έξ

53 2813 257 2899 Ὀρχομενοῦ
270 2838 307 2880 τε
323 2821 380 2900 τῆς
392 2809 565 2901 Ἀρκαδίης
577 2821 681 2880 είκοσι
694 2815 749 2880 καὶ
760 2810 879 2882 έκατδν
893 2816 948 2882 καί
960 2818 997 2882 έν
1008 2820 1066 2900 τῆς

56 2919 175 2999 λοιπῆς
185 2909 359 2999 Ἀρκαδίης
373 2919 489 2999 χίλιοι·
508 2918 663 2981 τοσοῦτοι
676 2911 739 2998 μέν
749 2907 932 2999 Ἀρκάδων,
948 2908 1014 2979 ιἰπό
1030 2912 1066 2980 δέ

58 3015 234 3097 Κορίνθου
249 3012 458 3094 τετρακόσιοι
473 3014 528 3079 καὶ
543 3007 610 3079 όπδ
628 3018 813 3090 Φλιοῦντος
828 3013 993 3097 διηκόσιοι
1011 3011 1066 3078 καί
1116 3082 1121 3093 ,

58 3114 270 3193 Μυκηναίων
287 3108 496 3196 ὀγδώκοντα·
526 3101 620 3177 οὗτοι
635 3111 697 3196 μέν
718 3106 784 3177 ἀπὸ
801 3106 1067 3196 Πελοποννήσου

57 3215 231 3296 παρῆσαν,
255 3207 321 3276 ἀπὸ
344 3211 380 3278 δέ
396 3217 556 3279 Βοιωτῶν
569 3217 741 3279 Θεσπιέων
756 3236 792 3277 τε
806 3209 996 3278 ἑπτακόσιοι
1011 3211 1066 3275 καί

57 3314 217 3397 Θηβαίων
227 3311 443 3397 τετρακόσιοι.
467 3306 560 3398 Πρός
570 3310 719 3377 τούτοισι
731 3310 900 3394 έπίκλητοι
912 3308 1066 3393 ἐγένοντο
1081 3317 1137 3374 λιλδ

58 3413 188 3495 Λοκροί
198 3433 232 3474 τε
249 3412 282 3475 oc
291 3405 481 3478 Ὀπούντιοι
503 3414 709 3495 πανστρατιῇ
725 3409 780 3474 καὶ
794 3407 942 3474 Φωκέων
957 3411 1075 3486 χίλιοι.

142 3519 240 3556 ιιειιου.
263 3503 294 3556 Η.
911 3499 957 3551 Ἃ
1030 3542 1124 3620 .
