2378 3840
311 194 398 250 LIB·
430 191 488 247 VII.
523 189 622 246 GAP.
656 193 829 249 109-116.
1013 185 1076 248 169

71 357 126 423 καί
140 353 313 430 Παιόπλας
328 343 496 435 παρεξιὼν
509 343 561 433 ἤιε
575 342 659 432 πρός
674 348 832 433 ἑσπέρην,
855 347 888 425 ές
902 343 921 414 6
938 342 1073 416 άπίκετο

70 451 123 519 ἐπὶ
140 448 290 537 ποταμόν
301 472 336 515 τε
346 442 529 531 Στρυμόνα
544 443 599 509 καὶ
613 440 713 510 πόλιν
724 437 905 529 Ἠίόυα,
865 470 923 529 της
935 448 982 510 ἔτι
994 439 1075 523 ζωός
1114 470 1119 478 ·

71 539 173 616 ίύν
149 573 230 635 ηρχε
239 546 366 632 Βόγης,
384 544 510 629 τοῦπερ
532 537 634 631 όλίγφ
649 541 814 626 πρότερον
827 542 957 610 τούτων
971 540 1074 629 λόγον

70 645 261 732 ἐποιεύμην.
283 671 305 730 η
291 641 410 711 “66
367 669 410 728 γη
425 638 510 726 αὕτη
525 666 547 726 η
535 636 689 724 ’περὶ
655 665 692 707 το
704 640 879 724 Πάγγαιον
896 633 998 725 οὖρος
1012 668 1073 709 κα-

69 748 177 814 λέεται
194 746 334 828 Φυλλὶς,
359 745 599 810 κατατείνουσα
618 735 660 806 τά
681 740 743 824 μὲν
759 735 843 825 πρός
864 741 1005 826 ἑσπέρην
1022 742 1074 809 ἐπὶ

70 840 221 928 ποταμόν
230 837 383 927 Ἀγγίτην
394 835 596 907 έκδιδόντα’
579 863 612 914 ες
622 833 881 924 τόνΣτρυμόνα,
891 864 931 905 τα
919 836 980 905 δὲ
990 835 1074 924 πρός

69 947 277 1030 μεσαμβρίην
291 946 447 1009 τείνουσα
461 940 495 1018 ές
511 934 617 1005 αύτόν
630 933 690 1003 τόν
704 937 903 1023 Στρυμόνα,
921 940 954 1016 ές
968 937 1027 1006 τόν
1041 944 1076 1008 οί

67 1039 178 1124 Μάγοι
185 1037 414 1122 ἐκαλλιρέοντο
429 1036 611 1123 σφάζοντες
624 1039 748 1114 ἵππους
760 1037 911 1116 λευκούς.
933 1045 1076 1125 ,Φαρμα-
1094 1053 1140 1108 111

70 1137 249 1214 νεύσαντες
261 1135 297 1203 δὲ
307 1141 411 1202 ταῦτα
422 1136 454 1214 ἐς
465 1133 525 1203 τὸν
535 1130 687 1222 ποταμόν
701 1136 756 1203 καὶ
770 1131 855 1204 ἅλλα
869 1134 977 1206 πολλὰ
991 1135 1074 1224 πρός

71 1233 216 1301 τούτοισι
231 1234 269 1300 έν
279 1229 393 1300 Ἐννέα
403 1230 510 1301 όδοίσι
523 1239 597 1322 τῇσι
610 1237 768 1301 Ἠδωνῶν
778 1233 979 1317 ἐπορεύοντο
992 1232 1075 1302 κατὰ

71 1327 129 1408 τάς
149 1328 299 1416 γεφύρας
313 1327 374 1398 τόν
388 1331 570 1418 Στρυμόνα
593 1327 972 1419 εὑρόντεςέζευγμὲνον.
1002 1329 1075 1400 Ἐν·

70 1427 130 1495 νέα
140 1426 177 1495 δὲ
188 1424 289 1508 ὁδούς
299 1429 556 1516 πυνθανόμενοι
567 1426 628 1496 τόν
640 1435 750 1517 χῶρον
764 1436 885 1497 τούτου
895 1433 1075 1500 καλέεσθαι

69 1523 251 1605 τοσούτους
264 1528 301 1594 έν
312 1523 403 1618 αύτῷ
413 1525 535 1606 παιδός
546 1553 582 1596 τε
592 1529 647 1596 καὶ
658 1530 852 1614 παρθένους
862 1523 998 1616 ἀνδρῶν
1008 1535 1075 1597 τῶν

68 1626 254 1709 ἐπιχωρίων
269 1623 413 1705 ζάοντας
427 1623 655 1710 κατάρυσσον.
684 1623 854 1712 Περσικόν
868 1629 905 1695 δὲ
918 1624 956 1696 τό
972 1625 1076 1706 ζοόον·

68 1749 127 1801 τας
142 1723 373 1810 κατορύσσειν,
385 1725 455 1791 ἐπεὶ
465 1727 521 1791 καὶ
528 1722 711 1810 ’Ἄμηστριν
721 1722 783 1812 τὴν
793 1729 921 1815 Ξέρξεω
933 1743 1075 1815 γυναλκα

68 1821 288 1907 πυνθάνομαι
308 1821 504 1907 γηράσασαν
526 1825 576 1902 δίς
590 1820 670 1891 ἑπτά
685 1824 844 1910 Περσέων
863 1830 983 1904 παῖδας
999 1827 1076 1895 ἑόν-

68 1947 137 1988 των
152 1922 345 2005 ἐπιφανέων
359 1917 496 2007 ἀνδρῶν
512 1918 597 2007 ὑπὲρ
613 1921 737 2006 ἑωυτῆς
751 1928 798 2011 τῷ
812 1918 879 1990 ύαό
895 1929 961 2011 γῆν
977 1932 1075 2010 λεγο-

68 2017 159 2107 μένφ
174 2016 260 2086 εἶναι
279 2024 351 2107 θεῷ
372 2015 641 2105 ἀντιχαρίζεσθαι
658 2019 943 2107 κατορύσσουσαν.
968 2020 1026 2101 Ὡς
1041 2024 1076 2092 δὲ
1094 2040 1143 2090 115

68 2112 133 2183 άπό
151 2121 212 2182 τοῦ
224 2115 423 2203 Στρυμόνος
438 2117 616 2203 ἐπορεύετο
628 2114 646 2185 ὁ
659 2115 814 2204 στρατός,
831 2120 981 2188 ένθαύτα
992 2118 1075 2208 πρός

68 2212 165 2301 ἡλίου
180 2217 336 2301 δυσμέων
351 2216 419 2283 ἐστὶ
433 2213 598 2302 αἰγιαλός,
614 2216 652 2283 έν
666 2220 713 2307 τῷ
727 2214 1074 2306 οίκημένηνἍργιλον

67 2313 168 2383 πόλιν
175 2311 317 2384 Ἑλλάδα
333 2314 496 2402 παρεξήίε.
526 2313 610 2402 αύτη
626 2317 662 2383 δὲ
677 2317 733 2384 καί
749 2313 769 2402 ἡ
786 2316 978 2404 κατύπερθε
992 2317 1075 2385 ταύ-

67 2438 125 2498 της
139 2413 289 2481 καλέεται
303 2418 470 2500 Βισαλτίη.
495 2414 657 2481 ένθεύτεν
672 2413 708 2481 δὲ
723 2413 852 2481 κόλπον
863 2411 924 2481 τόν
939 2416 992 2482 ἐπὶ
1002 2421 1076 2482 Πο-

70 2513 200 2595 σιδηίου
216 2512 248 2590 ἐξ
264 2508 440 2597 ἀριστερῆς
454 2506 564 2596 χειρός
577 2514 663 2594 ἔχων
675 2507 728 2594 ἤιε
743 2507 798 2575 διά
812 2515 942 2588 Συλέος
956 2515 1074 2578 πεδίου

66 2613 289 2698 καλεομένου,
304 2609 493 2696 Στάγειρον
507 2604 758 2675 πόλινἘλλάδα
774 2606 1076 2694 παραμειβόμενος,

66 2711 122 2778 καί
135 2706 269 2777 ἀπίκετο
286 2707 515 2795 έςἍκαυθον,
532 2703 601 2792 ἅμα
613 2702 778 2792 ἀγόμενος
792 2705 922 2774 τούτων
934 2709 1077 2778 ἕκαστον

66 2816 134 2878 τῶν
149 2810 280 2877 ἐθνέων
295 2808 349 2876 καὶ
365 2814 432 2876 τῶν
442 2809 519 2892 περὶ
529 2802 566 2875 τό
577 2805 754 2892 Πάγγαιον
765 2798 867 2892 ούρος
881 2808 1074 2892 οἰκεόντων,

67 2905 189 2994 ὁμοίως
206 2907 343 2975 καὶτῶν
360 2906 526 2994 πρότερον
542 2905 715 2993 κατέλεξα,
731 2902 810 2984 τούς
823 2907 887 2993 μὲν
901 2903 992 2992 παρὰ
1007 2905 1075 2974 θά-

66 3012 194 3073 λασσαν
206 3010 291 3090 ἔχων
305 3006 503 3091 οίκημένους
517 3006 555 3072 έν
568 3005 668 3091 νηυσὶ
682 3006 978 3093 στρατευομένους,
996 2998 1075 3079 τούς

66 3099 99 3169 δ’
115 3100 200 3188 ὑπὲρ
218 3102 392 3189 θαλάσσης
405 3108 485 3192 πεζῇ
502 3104 693 3190 ἑπομένους.
715 3100 779 3191 τὴν
793 3103 830 3170 δέ
844 3099 927 3168 ὁδόν
938 3100 1076 3187 ταύτην,

66 3225 106 3288 τη
92 3196 277 3284 βασιλεύς
292 3196 463 3286 Ξέρξης
429 3225 490 3268 τον
507 3198 653 3284 στρατόν
665 3198 786 3287 ἤλασε,
804 3197 883 3267 ούτε
897 3201 1076 3286 συγχέουσι

65 3296 207 3385 Θρήικες
218 3295 278 3364 οὔτ
282 3294 435 3367 ’έπισπεί
421 3305 544 3386 ίρουσι,
556 3301 713 3387 σέβονταί
722 3325 757 3366 τε
767 3297 921 3385 μεγάλως
932 3321 969 3364 το
958 3292 1143 3385 μέχρι·

65 3399 154 3481 έμεύ.
172 3392 232 3476 Ὡς
249 3394 322 3508 δὲ’
300 3422 365 3482 αρα
380 3395 462 3476 ές
426 3424 488 3485 την
494 3395 668 3466 ’Ἄκανθον
686 3395 837 3483 ἀπίκετο,
859 3400 987 3482 ξεινίην
1002 3419 1038 3461 τε
1055 3392 1073 3463 6
1092 3406 1141 3463 11⁶

882 3548 1128 3655 ,ΚΔ
