2378 3840
242 278 246 284 ,
361 192 450 251 LIB.
478 192 525 251 IX.
558 193 657 253 cn.
688 201 775 255 λλ·-
738 205 834 259 -κλθ
1033 199 1097 264 299

93 355 203 436 χῶρον
217 351 270 416 καλ
286 347 384 418 ἐπὶ
348 375 411 435 την
425 349 554 436 κρήνην
568 377 630 436 την
641 355 886 476 Γαργαφίην
850 384 912 445 την
923 361 960 429 ἐν
972 369 1017 452 τῷ
1029 363 1097 450 χιό-
1162 420 1164 425 ,

92 471 141 537 ρφ
155 444 262 536 τιν’τφ
282 449 406 516 δοῦσαν
423 449 517 527 ἔδοξέ
530 469 591 534 σφι
611 445 719 534 χρεόν
737 448 822 518 εἶναι
843 430 1023 525 ἀπικέσθαι
1040 463 1095 528 καλ

92 547 327 631 διαταχθεττας
335 546 669 634 στρατοπεδευεσθαι
680 545 950 638 ἀναλαβόντεςδδ
957 582 997 624 τα
986 554 1095 627 οπλα

89 640 188 729 ἤισαν
202 640 257 711 διά
272 650 329 731 τῆς
343 640 496 732 ὑπωρέης
516 669 576 712 του
562 650 806 732 1’Κιθαιρῶνος
821 647 912 737 παρά
930 648 1039 733 Τσιάς
1060 657 1094 733 ἐς

91 765 150 824 την
159 745 397 810 Πλαταιίδα
353 768 431 863 γηυ,
446 739 644 828 αττικομενοι
655 743 692 810 δέ
702 744 881 814 έτασσοντο
892 773 955 817 κατ
964 746 1092 819 ’ἔθνεα

89 843 283 925 πλησίον
244 864 301 925 της
314 865 350 909 τε
367 840 492 928 κρήνης
505 846 564 926 τῆς
578 847 772 928 Γαργαφίης
786 848 841 912 καλ
858 853 919 914 τοῦ
939 850 1092 935 τεμένεος

88 962 148 1005 του
132 933 415 1027 Ἀνδροκράτεος
428 945 489 1006 τοῦ
503 961 613 1024 ηρωος
625 935 683 1004 διά
698 937 813 1024 ὄχθων
826 967 861 1010 τε
873 940 936 1012 οὐκ
950 943 1091 1032 ὑψηλῶν
1152 960 1160 973 ’

85 1036 141 1104 καλ
156 1032 283 1104 ἀπέδου
294 1041 431 1158 γφρίου.
450 1033 616 1104 Ἐνθαίπα
629 1039 667 1104 ἐν
682 1063 722 1126 τη
707 1040 867 1121 διατάξι
882 1044 1012 1128 έγένετο
1029 1045 1089 1115 λό-
1105 1064 1139 1120 26

86 1160 158 1221 γων
169 1132 292 1213 πολλός
308 1131 457 1222 άθισμός
478 1139 666 1222 Τεγεητέων
679 1161 716 1205 τε
733 1135 807 1206 κάλ’
802 1146 995 1227 Αθηναίων.
1019 1136 1089 1212 ἀδι-

84 1241 202 1304 καίευυ
212 1231 277 1322 γάρ
288 1232 383 1304 αάτοδ
393 1234 543 1324 ἑκάτεροι
554 1240 642 1322 ἔχειν
652 1234 689 1305 τό
700 1239 817 1328 ἕτερον
825 1243 934 1328 κέρας,
947 1244 1002 1311 καὶ
1012 1268 1089 1310 και·

83 1328 125 1400 υά
143 1332 198 1399 καὶ
212 1329 336 1400 παλαιὰ
351 1336 601 1420 παραφέροντες
615 1339 705 1421 ἔργα.
728 1342 827 1404 τοῦτο
840 1338 904 1423 μέν
917 1342 952 1407 ολ
964 1345 1088 1425 Τεγεῆ·

82 1455 134 1496 ται
149 1433 266 1516 ἔλεγον
279 1430 374 1498 τάδε·
398 1427 510 1517 Ἡμεῖς
526 1437 594 1501 αἰεί
603 1457 680 1500 κοτε
694 1429 879 1519 ἀξιεύμεθα
892 1433 1015 1521 ταύτης
1030 1441 1087 1522 τῆς

79 1525 189 1607 τάξιος
204 1529 322 1596 ἐκτῶν
336 1528 520 1615 συμμάχων
534 1528 710 1618 ἁπάντων,
726 1529 802 1600 ὅσαι
813 1529 877 1620 ἤδη
890 1538 998 1614 ἔξοδοι
1013 1559 1088 1602 κοι·

80 1628 134 1694 ναὶ
144 1629 296 1712 ἐγένοντο
304 1635 604 1714 Πελοποννησίοισι
615 1627 714 1698 καλ
680 1655 717 1697 το
727 1627 871 1700 παλαιόν
883 1628 981 1700 καλτό
994 1633 1084 1718 νέον,

81 1728 114 1806 ἐξ
126 1728 257 1792 ἐκείνου
270 1730 331 1791 τοῦ
341 1722 468 1810 χρόνου
482 1722 606 1794 έπείτε
604 1733 809 1846 Ηρακλειδαι
823 1730 1008 1818 έπειρέοντο
1022 1755 1085 1817 με·

80 1821 120 1893 τά
135 1820 194 1890 τόν
205 1817 402 1908 Εὐρυσθέος
416 1821 569 1890 θάνατον
583 1823 751 1901 κατιόντες
767 1827 799 1902 ές
809 1827 1081 1912 Πελοπόννησον.

82 1921 153 1990 τότε
181 1916 353 2006 εὑρόμεθα
376 1917 552 1987 τοῦτοδιὰ
575 1945 710 2007 πρηγμα
731 1921 878 1989 τοιόνδε
911 1925 981 1991 ἐπεὶ
1000 1917 1083 2007 μετὰ

74 2016 214 2136 Ἀχαιφν
224 2011 300 2082 κάλ’
295 2014 414 2084 Ιάνων
424 2021 492 2082 τῶν
501 2015 575 2084 τότε
586 2016 711 2084 ἐόντων
723 2018 1015 2137 ένΠελοπονυησφ
1026 2021 1083 2087 έκ-

76 2111 294 2236 βωθησιιντες
318 2109 422 2193 ἐςτδν
431 2109 567 2199 Ἰσθμόν
578 2113 716 2214 ἱζόμεθα
727 2110 834 2188 ἀντίοι
845 2129 929 2184 τοῖσι
944 2122 1082 2184 κατιοῦ·

76 2233 119 2295 σι,
135 2211 209 2281 τότε
221 2203 271 2280 τόν
280 2210 380 2298 λόγος
386 2207 506 2279 ’Υλλον
521 2208 806 2330 ἀγορεόσασθαι’
785 2237 829 2289 ως
839 2208 947 2298 χρεόν
957 2221 1007 2296 εἴη
1019 2208 1081 2278 τόν

75 2264 138 2395 μέν
154 2305 298 2392 στρατόν
311 2334 356 2398 ιφ
372 2316 500 2400 στρατῷ
510 2335 555 2396 μη
544 2305 853 2377 ἀνακινδυνεύειν
866 2310 1078 2396 συμβάλλον-

76 2431 127 2491 τα,
141 2406 177 2472 ἐκ
188 2405 225 2470 δὲ
239 2409 299 2471 τοῦ
310 2411 586 2491 Πελοποννησίου
600 2407 827 2491 στρατοπέδου
837 2400 898 2474 τόν
908 2402 952 2474 ἀν
962 2407 1077 2493 σφέων

76 2504 188 2574 αὐτόν
208 2510 347 2590 κρίνωσι
369 2503 454 2574 εἶναι
467 2503 622 2591 ἀριστον,
641 2504 762 2572 τοῦτόν
777 2508 810 2572 oc
824 2512 1076 2591 μουνομαχῆσαι

75 2606 129 2671 ε’πλ
142 2605 388 2687 διακειμένοισι.
408 2602 502 2683 ἔδοξέ
513 2626 548 2669 τε
561 2614 646 2670 τοῖσι
656 2607 957 2686 Πελοποννησίοισι
972 2608 1076 2668 ταῦτα

75 2698 160 2769 εἶναι
175 2701 323 2784 ποιητέα,
340 2699 394 2767 καὶ
406 2705 528 2785 ἔταμον
542 2696 640 2785 ὅρκια
655 2699 708 2766 έπὶ
718 2696 807 2786 λόγφ
819 2700 946 2787 τοιῷδε,
958 2690 1001 2783 ἢν
1012 2697 1075 2781 μὲν

75 2795 192 2875 Ὕλλος
213 2794 334 2883 νικήση
355 2793 416 2864 τόν
437 2802 721 2882 Πελοποννησίων
736 2791 901 2882 ἡγεμόνα,
926 2797 1074 2864 κατιέναι

66 2893 283 2981 Ἡρακλείδας
297 2892 351 2959 ἐπὶ
363 2888 403 2960 τά
418 2892 584 2981 πατρώια,
601 2886 645 2980 ἢν
661 2895 697 2961 δέ
712 2899 853 2981 νικηθῇ,
877 2889 917 2959 τά
932 2897 1075 2980 ἔμπαλιν

67 2991 282 3079 Ἡρακλείδας
299 2987 574 3060 ἀπαλλάσσεσθαι
597 2994 651 3058 καλ
669 2987 812 3076 ἀπάγειν
832 2988 893 3076 τὴν
915 2987 1075 3077 στρατιὴν

73 3089 192 3158 ἑκατόν
207 3114 243 3157 τε
257 3091 357 3157 ἐτέων
370 3085 414 3175 μὴ
438 3094 570 3175 ζητῆσαι
591 3088 736 3157 κάτοδον
758 3091 791 3168 ές
800 3089 1070 3175 Πελοπόννησον.

72 3191 257 3273 προεκρίθη
276 3183 367 3273 τιδὴ
383 3188 419 3254 έκ
435 3186 572 3254 πόντων
591 3186 774 3272 συμμάχων
788 3183 968 3274 ἐθελοντὴς
977 3184 1072 3273 Ἐχε-

70 3307 132 3369 μος
146 3277 164 3350 6
177 3277 340 3368 Ἠερόπου
353 3290 415 3352 τοῦ
430 3285 558 3371 Φηγέος
572 3284 754 3371 στρατηγός
774 3309 810 3354 τε
824 3282 890 3354 &dv
904 3287 958 3355 καλ
971 3292 1071 3373 βασι-

71 3390 148 3461 λευς
162 3376 334 3468 ἡμέτερος,
356 3383 409 3450 καὶ
424 3383 677 3470 ἐμουνομάχησέ
692 3407 727 3450 τε
741 3383 795 3450 καλ
810 3378 980 3452 ἀπέκτεινε
993 3381 1072 3457 ''m-
