2378 3840
318 202 402 259 ειν.
435 202 493 256 vn.
529 201 627 258 οΑε.
663 207 821 262 οε-ιοι,
1007 199 1070 265 103

62 360 186 447 μόνευε
192 356 230 426 δὲ
237 355 522 444 Ἁλικαρνησσέων
532 383 566 425 τε
583 361 638 425 καί
651 359 761 448 Κρέων
776 363 831 428 καὶ
843 367 1019 448 Νισυρίων
1031 387 1067 430 τε

62 457 118 524 καὶ
134 460 350 552 Καλυδνίων,
365 459 464 524 πέντε
477 459 555 532 νέας
565 458 782 541 παρεχομένη.
806 461 861 525 καὶ
873 459 1069 546 συναπάσης

61 557 120 640 τῆς
133 558 303 640 στρατιῆς,
319 553 403 639 μετά
415 578 455 638 γε
469 550 528 630 τὰς
543 555 737 638 Σιδωνίων,
760 555 838 632 νέας
851 551 1066 636 εὐδοξοτάτας

60 654 250 737 παρείχετο,
274 648 411 717 πάντων
432 650 469 717 δὲ
489 654 557 716 τῶν
574 649 757 735 συμμάχων
777 652 912 739 γνάμας
933 650 1068 739 ἀρίστας

60 747 192 834 βασιλέι
203 743 392 827 ἀπεδέξατο.
413 751 481 814 τάν
495 748 697 826 δὲκατέλεξα
708 754 835 816 πολίων
848 746 1068 836 ἡγεμονεύειν

60 837 184 932 αύτῆν,
198 841 236 911 τδ
252 848 353 922 ἐθνος
367 839 547 928 ἀκοφαίνω
562 849 631 911 πᾶν
647 840 705 910 ἐὰν
717 847 894 932 Δωρικόν,
912 842 1068 930 Ἀλικαρ-

61 942 202 1031 νησσέας
210 939 506 1030 μὲνΤροιζηνίους,
521 940 601 1020 τούς
617 944 653 1010 δὲ
668 939 792 1022 ἀλλους
803 941 1042 1029 Ἐπιδαυρίους.

141 1039 192 1131 Ἐς
206 1041 268 1127 μὲν
285 1040 423 1109 τοσόνδε
434 1036 452 1108 ὁ
464 1037 621 1118 ναυτικὸς
636 1037 775 1126 στρατδς
791 1051 928 1126 είρηται,
942 1044 1067 1127 Ξέρξης
1082 1053 1135 1112 Ιδδ

61 1140 98 1208 δὲ
113 1142 184 1209 ἐπεὶ
198 1136 373 1228 ἠριθμήθη
389 1163 425 1207 τε
440 1141 496 1206 καί
506 1140 665 1224 διετάχθη
681 1135 859 1227 ὁστρατδς,
875 1137 1067 1224 ἐπεθύμησε

62 1235 164 1316 αὐτός
180 1256 285 1322 σφεας
298 1235 486 1316 διεξελάσας
496 1237 701 1327 θηήσασθαι.
723 1234 804 1323 μετὰ
816 1239 853 1307 δέ
863 1240 970 1307 ἐποίεε
983 1244 1066 1307 ταῦ·

61 1360 119 1420 τα,
133 1335 188 1401 καὶ
203 1333 424 1412 διεξελαύνων
439 1335 492 1402 ἐπὶ
503 1331 649 1419 ἅρματος
659 1330 749 1421 παρά
763 1339 864 1414 ἐθνος
876 1339 913 1401 ἓν
924 1339 1065 1403 ἕκαστον

60 1429 289 1516 ἐπιινθάνετο,
316 1433 372 1501 καὶ
391 1429 589 1519 ἀπέγραφον
610 1435 645 1500 οί
662 1431 920 1518 γραμματισταί,
946 1434 1064 1511 &mm

60 1531 206 1616 ἐσχάτων
223 1531 256 1609 ἐς
271 1534 389 1617 ἔσχατα
404 1527 539 1599 ἀπίκετο
552 1533 675 1618 καὶτῆς
689 1535 794 1601 ἵππου
809 1534 938 1603 καὶτοῦ
952 1538 1061 1612 πεζοῦ.

60 1627 104 1708 ὡς
116 1628 153 1697 δὲ
166 1627 272 1696 ταῦτά
286 1632 320 1698 ολ
328 1630 521 1715 ἐπεποίητο,
536 1635 605 1696 τῶν
615 1635 703 1696 νεῶν
713 1631 1020 1699 κατελκυσθεισέων
1031 1629 1064 1706 ές
1174 1707 1177 1709 ,

58 1727 236 1796 θάλασσαν
251 1728 401 1795 ἐνθαῦτα
416 1722 569 1812 ὁΞέρξης
578 1724 740 1813 μετεκβὰς
750 1729 787 1794 ἐκ
797 1735 859 1795 τοῦ
874 1725 1020 1814 ἅρματος
1031 1729 1064 1805 ές

60 1829 118 1894 νέα
129 1828 300 1910 Σιδωνίην
314 1828 398 1905 ἵζετο
411 1821 478 1892 ύπδ
494 1831 601 1912 σκηνῇ
614 1828 738 1909 χρυσέη
748 1829 804 1892 καὶ
813 1827 987 1910 παρέπλωε
998 1850 1064 1892 πα-

59 1919 102 2011 ρά
120 1919 178 2002 τάς
192 1923 329 2015 πρρίρας
342 1929 410 1990 τάν
424 1924 734 2011 νεάν,έπειρωτέων
743 1947 779 1988 τε
789 1923 927 2000 ἑκάστας
943 1920 1064 2008 ὁμοίως

58 2020 184 2091 καὶτὸν
194 2019 295 2104 πεζὸν
306 2025 361 2091 καὶ
372 2020 660 2110 ἀπογραφόμενος.
683 2021 741 2101 τὰς
755 2023 792 2092 δὲ
803 2027 880 2101 νέας
889 2028 923 2093 οί
934 2022 1065 2111 ναύαρ-

60 2147 110 2208 χοι
125 2118 352 2208 ἀναγαγόντες
362 2119 445 2189 ὅσον
457 2146 494 2188 τε
503 2124 642 2203 τέσσερα
655 2123 787 2208 πλέθρα
798 2118 863 2189 ἀπὸ
879 2127 940 2189 τοῦ
954 2126 1064 2207 αίγια-

58 2225 120 2286 λοῦ
140 2215 368 2306 ἀνεκώχευον,
385 2216 444 2297 τάς
458 2217 595 2310 πρῴρας
608 2219 641 2297 ἐς
663 2226 728 2304 γῆν
743 2220 922 2305 τρέψαντες
941 2220 1064 2297 πάντες

57 2315 256 2404 μετωπηδὸν
272 2319 328 2386 καὶ
345 2319 576 2399 ἐξοπλίσαντες
589 2314 669 2395 τούς
683 2317 841 2402 ἐπιβάτας
856 2315 900 2393 ὡς
914 2319 947 2395 ές
962 2317 1063 2385 πόλε·

57 2442 132 2504 μον.
166 2411 184 2484 ὁ
201 2412 232 2482 δ’
256 2412 350 2494 ἐντδς
370 2422 439 2484 τῶν
459 2418 622 2506 πρφρέων
641 2415 764 2482 κλάων
781 2410 915 2496 ἐθηέετο
932 2416 987 2480 καὶ
1004 2420 1063 2480 τοῦ

57 2521 220 2601 αἰγιαλοῦ.

135 2609 194 2690 Ὡς
210 2611 247 2678 δέ
260 2614 316 2680 καὶ
330 2612 452 2692 ταύτας
467 2617 664 2694 διεξέπλωσε
678 2613 734 2681 καὶ
745 2612 838 2698 ἐξέβη
857 2615 892 2679 ἐκ
907 2619 965 2698 τῆς
975 2611 1062 2698 νεὸς,
1079 2632 1128 2688 101

57 2713 287 2800 μετεπέμψατο
296 2710 503 2799 Δημάρητον
515 2707 577 2780 τδν
587 2707 783 2797 Ἀρίστωνος
796 2709 1063 2796 συστρατευόμε-

57 2834 121 2878 νον
132 2804 222 2899 αύτςό
233 2810 286 2877 ἐπὶ
295 2805 358 2896 τὴν
366 2805 518 2896 Ἑλλάδα,
533 2812 674 2886 καλέσας
685 2804 716 2876 δ’
731 2802 836 2875 αύτδν
847 2815 952 2893 είρετο
965 2806 1061 2874 τάδε·

60 2902 100 2974 Ὦ
111 2906 309 2994 Δημάρητε,
324 2914 392 2976 νῦν
405 2913 466 2994 μοί
475 2926 514 2975 σε
526 2905 593 2994 ἡδύ
604 2907 672 2974 ἐστι
684 2907 874 2992 ἐπείρεσθαι
887 2900 927 2970 τά
943 2904 1058 2970 ἐθέλω.

58 3003 102 3074 σύ
118 3004 164 3085 είς
171 3003 292 3092 Ἕλλην
302 3031 348 3092 τε,
365 3006 431 3090 καὶ,
447 3001 491 3084 ὡς
504 3003 570 3092 ἐγδ
579 3000 799 3087 πυνθάνομαι
810 3006 870 3069 σεῦ
879 3025 915 3066 τε
928 3002 984 3067 καί
994 3005 1061 3064 τῶν

56 3104 170 3177 ἀλλων
177 3102 346 3193 Ἑλλήνων
360 3109 428 3172 τῶν
443 3104 516 3190 ἐμοὶ
529 3105 562 3182 ἐς
576 3103 699 3188 λόγους
712 3097 979 3184 ἀπικνεομένων,
996 3092 1061 3164 πύ-

55 3210 129 3284 λιος
142 3200 215 3273 οὔτ’
232 3205 400 3291 ἐλαχίστης
415 3198 487 3269 οὔτ’
501 3199 753 3291 ἀσθενεστάτης.
774 3202 840 3263 νῦν
854 3185 905 3261 ὧν
915 3217 973 3279 μοι
983 3188 1060 3260 τάδε

57 3298 208 3388 φράσον,
227 3298 418 3388 είἝλληνες
433 3296 656 3385 ὑπομενέουσι
673 3309 784 3382 χεῖρας
797 3290 870 3376 ἐμοὶ
884 3284 1060 3376 ἀνταειρό-

55 3421 162 3485 μενοι.
188 3391 232 3466 οὗ
246 3394 329 3479 γὰρ,
352 3395 397 3475 ὡς
410 3393 475 3479 έγύ
491 3401 613 3482 δοκέω,
630 3391 704 3462 οὐδ’
722 3397 752 3460 εί
769 3389 892 3539 πάντρρ
904 3383 1061 3514 ἱΕλληνες
