2378 3840
65 131 70 140 ’
134 161 199 225 266
514 168 765 226 Ηεοοοοτι

135 349 193 402 νος
206 329 267 390 τού
281 330 425 412 στρατοῦ
440 339 621 411 παρασχεῖν
632 350 689 410 μοι
703 322 765 410 τὴν
777 321 918 393 Ἐλλάδα
931 326 1145 412 δεδουλωμέ-

135 447 216 508 νην,
243 420 347 490 αύτὸν
371 422 403 489 δ’
425 424 481 507 ἐμὲ
502 423 632 490 κελεύει
653 419 857 490 ἀπελαύνειν
879 421 945 490 σύν
965 431 1011 514 τῷ
1036 431 1145 513 λοιπῷ

135 530 264 610 στρατῷ
286 523 319 599 ἐς
334 518 422 607 ἤθεα
435 519 476 587 τά
495 519 565 606 ἐμά.
597 519 640 588 σύ
660 513 709 587 ων
723 523 811 608 ἐμοὶ,
834 525 889 588 καλ
907 520 973 608 γάρ
987 524 1066 606 περὶ
1085 528 1146 606 τῆς

58 686 64 693 ,
135 625 318 704 ναυμαχίης
336 612 375 686 εύ
398 617 668 704 συνεβούλευσας
688 624 747 704 τῆς
766 622 949 706 γενομένης
971 617 1033 686 ούκ
1056 624 1145 688 ἐάσοι

133 719 324 801 ποιέεσθαι,
345 722 411 783 νύν
432 742 468 784 τε
488 717 745 802 συμβούλευσον
766 715 906 804 ὁκότερα
928 719 1054 785 ποιέων
1070 721 1145 785 ἐπι-

67 832 118 885 ιοῖ
132 813 221 898 τύχω
239 806 278 879 εύ
292 814 572 900 βουλευσάμενος.
611 812 647 882 ‘0
663 817 726 900 μὲν
744 822 848 882 ταῦτα
864 816 1144 903 συνεβουλεύετο,

132 908 152 997 ἡ
166 913 202 978 δὲ
213 913 301 996 λέγει
312 909 407 978 τάδε·
420 919 585 998 ’Βασιλειλ
596 910 743 997 χαλεπόν
754 917 817 1000 μέν
828 917 897 981 ἐστι
908 922 1145 1000 συμβουλευο-

134 1015 223 1104 μένῳ
238 1026 350 1098 τυχεῖν
363 1010 404 1080 τά
426 1011 545 1100 άριστα
561 1022 718 1099 εἴπασαν,
741 1016 793 1080 ἐπὶ
807 1015 922 1100 μέντοι
936 1029 1021 1081 τοῖσι
1038 1013 1144 1099 κατή-

134 1132 232 1180 κουσι
243 1110 411 1197 πρήγμασι
417 1116 531 1180 ’δοκέει
543 1139 600 1199 μοι
611 1109 715 1180 αύτόν
727 1112 789 1198 μέν
801 1132 838 1179 σε
850 1109 1054 1181 ἀπελαύνειν
1066 1110 1144 1179 ὀπί-

134 1232 198 1296 σω,
222 1209 424 1292 Μαρδόνιον
440 1213 492 1297 δὲ,
517 1216 548 1278 εί
566 1213 675 1278 ἐθέλει
692 1236 728 1277 τε
748 1213 803 1277 καὶ
822 1206 1019 1279 ὑποδέκεται
1035 1216 1144 1278 ταῦτα

134 1307 302 1395 ποιήσειν,
319 1305 425 1376 αύτοῦ
439 1318 632 1378 καταλιπεῖν
646 1309 712 1378 σύν
725 1324 811 1377 τοῖσι
826 1311 944 1377 ἐθέλει.
965 1312 1144 1394 τοῦτομὲν

132 1411 216 1495 γάρ,
237 1401 281 1494 ἢν
296 1414 559 1497 καταστρέψηται
572 1410 613 1477 τά
635 1431 718 1497 φησι
740 1413 871 1478 ἐθέλειν
888 1416 946 1476 καί
960 1415 1143 1496 οίπροχω-

133 1506 220 1594 ρήση
232 1505 273 1575 τά
288 1514 396 1578 νοέων
409 1512 508 1595 λέγει,
527 1506 590 1576 σδν
605 1506 643 1575 τό
660 1513 771 1596 ἔργον,
787 1500 814 1574 ά
832 1510 984 1595 δέσποτα,
1000 1514 1142 1593 γίνεται,

133 1611 168 1672 οί
181 1604 246 1692 γάρ
263 1609 315 1676 σοὶ
331 1612 447 1677 δοῦλοι
460 1607 724 1694 κατεργάσαντο,
740 1613 839 1674 τοῦτο
855 1609 908 1693 δὲ,
923 1603 967 1692 ἢν
981 1605 1021 1673 τά
1039 1609 1142 1674 ἐναν·

132 1711 186 1772 τία
199 1711 257 1790 τῆς
271 1710 472 1793 Μαρδονίου
491 1705 627 1791 γνώμης
646 1707 797 1791 γένηται,
820 1700 958 1789 οὐδεμία
979 1704 1140 1790 συμφορὴ

132 1804 260 1891 μεγάλη
272 1809 362 1893 ἔσται
373 1807 429 1872 σέο
440 1830 476 1872 τε
486 1802 680 1887 περιεόντος
691 1805 746 1869 καὶ
766 1799 867 1886 σόων,
884 1803 953 1865 τῶν
982 1800 1143 1888 πρηγμά-

132 1929 201 1970 των
215 1907 291 1990 περὶ
306 1901 400 1971 οἷκον
414 1902 475 1970 τόν
489 1904 561 1971 σόν.
591 1898 635 1988 ἦν
648 1899 713 1989 γάρ
734 1902 777 1969 σύ
796 1927 833 1968 τε
847 1907 964 1988 περιῇς
979 1905 1034 1968 καὶ
1049 1899 1141 1980 οἶκος

133 2000 232 2087 ὁσδς,
248 2001 395 2082 πολλούς
409 2004 570 2082 πολλάκις
580 2000 712 2088 άγῶνας
724 2007 922 2088 δραμέονται
936 2005 1011 2087 περὶ
1023 2006 1142 2086 σφέων

133 2097 245 2166 αὐτῶν
258 2104 292 2167 οί
299 2098 463 2186 Ἕλληνες.
479 2106 680 2188 Μαρδονίου
692 2103 739 2187 δὲ,
751 2099 794 2187 ἥν
805 2126 838 2167 τι
847 2100 953 2185 πάθη,
965 2100 1066 2182 λόγος
1079 2099 1141 2167 ού-

133 2200 199 2275 δελς
213 2203 352 2283 γίνεται·
365 2193 451 2265 ούδέ
460 2224 492 2265 τι
504 2197 669 2278 νικέοντες
683 2197 876 2283 οίἝλληνες
889 2197 1048 2283 νικέουσι,
1056 2203 1142 2265 δού-

131 2305 193 2363 λον
209 2294 271 2364 σόν
294 2294 531 2377 ἀπολέσαντες·
560 2296 604 2366 σύ
620 2299 672 2385 δὲ,
693 2305 763 2366 τῶν
784 2300 913 2366 εἵνεκεν
932 2297 994 2366 τόν
1014 2299 1141 2367 στόλον

66 2405 115 2458 103
131 2394 305 2480 ἐποιήσαο,
321 2394 481 2478 πυρώσας
494 2394 553 2475 τάς
566 2395 712 2483 Ἀθήνας
726 2393 858 2486 άπελᾷς.
871 2393 983 2482 Ἥσθη
997 2422 1033 2464 τε
1045 2395 1087 2483 δὴ
1100 2405 1141 2485 τῇ

110 2565 112 2569 ,
132 2499 319 2583 συμβουλίη
335 2497 472 2582 Ξέρξης·
495 2499 639 2582 λέγουσα
651 2493 716 2583 γάρ
731 2494 933 2580 ἐπετύγχανε
950 2494 1055 2577 τάπερ
1075 2495 1141 2563 αύ-

131 2590 188 2671 τός
204 2592 305 2660 ἐνόεε.
336 2591 415 2661 οὐδὲ
428 2592 494 2680 γάρ
516 2601 546 2663 εί
559 2595 681 2672 πάντες
695 2597 750 2661 καὶ
764 2599 868 2660 πάσαι
885 2594 1140 2679 συνεβούλευον

130 2687 222 2778 αύτῷ
236 2693 367 2776 μένειν,
385 2696 480 2776 ἔμενε
494 2688 538 2759 άν
553 2695 682 2760 δοκέειν
696 2693 771 2777 ἐμοί
775 2714 782 2727 ·
811 2688 901 2757 οὕτω
918 2693 1141 2780 καταρρωδή-

132 2812 196 2854 κεε.
220 2789 395 2866 ἐπαινέσας
412 2791 448 2856 δὲ
461 2787 524 2875 την
537 2788 744 2876 Ἀρτεμισίην
757 2787 884 2874 ταύτην
897 2791 959 2875 μὲν
973 2786 1139 2858 άποστέλ-

130 2894 182 2954 λει
198 2883 348 2969 άγουσαν
368 2882 473 2954 αὐτοῦ
487 2885 567 2966 τούς
580 2892 699 2966 παῖδας
720 2889 754 2965 ἐς
764 2886 926 2972 Ἔφεσον·
953 2889 1055 2956 νόθοι
1071 2890 1139 2975 γάρ

64 2998 115 3052 104
129 3010 217 3062 τινες
236 2987 351 3064 παῖδές
367 2991 401 3053 οί
415 2993 623 3054 συνείποντο.
657 2989 860 3070 Συνέπεμπε
881 2985 917 3052 δὲ
936 2999 1021 3052 τοῖσι
1042 2991 1141 3054 παισὶ

132 3083 288 3167 φύλακον
303 3083 519 3172 Ἑρμότιμον,
538 3088 636 3171 γένος
650 3087 712 3173 μὲν
727 3084 825 3153 ἐόντα
838 3087 1014 3171 Πηδασέα,
1031 3087 1141 3172 φερό-

132 3208 236 3267 μενον
251 3183 286 3250 δὲ
301 3183 343 3251 ού
358 3183 399 3252 τά
415 3185 555 3271 δεύτερα
568 3193 637 3253 τῶν
652 3184 824 3270 εύνούχων
837 3183 928 3271 παρὰ
942 3190 1081 3271 βασιλέϊ.
1091 3191 1141 3272 [οἱ

132 3279 169 3345 δέ
175 3283 345 3365 Πηδασέες
354 3286 501 3351 οίκέονσι
512 3275 873 3369 ὑπὲρἈλικαρνησσού.
885 3284 921 3349 ἐν
929 3282 1140 3373 δὲτοῖσιΠη-

131 3376 264 3444 δάσοισι
277 3380 425 3448 τούτοισι
438 3382 571 3451 τοιόνδε
581 3385 717 3468 φέρεται
731 3387 867 3469 πρῆγμα
880 3386 1052 3466 γίνεσθαι·
1077 3386 1141 3450 έπ-
