<?xml version="1.0" encoding="UTF-8"?>
<!DOCTYPE html PUBLIC "-//W3C//DTD XHTML 1.0 Transitional//EN"
    "http://www.w3.org/TR/xhtml1/DTD/xhtml1-transitional.dtd">
<html xmlns="http://www.w3.org/1999/xhtml" xml:lang="en" lang="en">
 <head>
  <title>
</title>
<meta http-equiv="Content-Type" content="text/html;charset=utf-8" />
  <meta name='ocr-system' content='tesseract 3.04.00' />
  <meta name='ocr-capabilities' content='ocr_page ocr_carea ocr_par ocr_line ocrx_word'/>
</head>
<body>
  <div class='ocr_page' id='page_1' title='image "./herodotihistori01herogoog_0109.png"; bbox 0 0 2378 3840; ppageno 0'>
   <div class='ocr_carea' id='block_1_1' title="bbox 118 156 747 220">
    <p class='ocr_par' dir='ltr' id='par_1_1' title="bbox 118 156 747 220">
     <span class='ocr_line' id='line_1_1' title="bbox 118 156 747 220; baseline -0.003 0"><span class='ocrx_word' id='word_1_1' title='bbox 118 156 158 220; x_wconf 77' lang='grc'><em>88</em></span> <span class='ocrx_word' id='word_1_2' title='bbox 494 158 747 218; x_wconf 83' lang='lat' dir='ltr'>HERODOTI</span> 
     </span>
    </p>
   </div>
   <div class='ocr_carea' id='block_1_2' title="bbox 64 313 1145 2773">
    <p class='ocr_par' dir='ltr' id='par_1_2' title="bbox 64 313 1145 2773">
     <span class='ocr_line' id='line_1_2' title="bbox 117 313 1119 406; baseline 0.002 -22"><span class='ocrx_word' id='word_1_3' title='bbox 117 314 268 406; x_wconf 80' lang='grc' dir='ltr'><em>μαρήτου</em></span> <span class='ocrx_word' id='word_1_4' title='bbox 280 313 520 403; x_wconf 61' lang='grc' dir='ltr'><em>ὁτίευτυχίδης,</em></span> <span class='ocrx_word' id='word_1_5' title='bbox 533 314 680 402; x_wconf 72' lang='grc' dir='ltr'><em>γεγονὼς</em></span> <span class='ocrx_word' id='word_1_6' title='bbox 691 315 755 405; x_wconf 82' lang='grc' dir='ltr'><em>ἤδη</em></span> <span class='ocrx_word' id='word_1_7' title='bbox 766 315 868 397; x_wconf 86' lang='grc' dir='ltr'><em>αύτός</em></span> <span class='ocrx_word' id='word_1_8' title='bbox 877 317 1034 406; x_wconf 82' lang='grc' dir='ltr'><em>βασιλεύς</em></span> <span class='ocrx_word' id='word_1_9' title='bbox 1046 316 1119 386; x_wconf 82' lang='grc' dir='ltr'><em>ἀντ’</em></span> 
     </span>
     <span class='ocr_line' id='line_1_3' title="bbox 118 413 1145 505; baseline -0.001 -19"><span class='ocrx_word' id='word_1_10' title='bbox 118 421 265 505; x_wconf 76' lang='grc' dir='ltr'><em>ἐκείνου,</em></span> <span class='ocrx_word' id='word_1_11' title='bbox 281 419 412 505; x_wconf 77' lang='grc' dir='ltr'><em>πέμψας</em></span> <span class='ocrx_word' id='word_1_12' title='bbox 428 413 487 486; x_wconf 67' lang='grc' dir='ltr'><em>τόν</em></span> <span class='ocrx_word' id='word_1_13' title='bbox 496 415 690 502; x_wconf 73' lang='grc' dir='ltr'><em>θεράποντα</em></span> <span class='ocrx_word' id='word_1_14' title='bbox 702 418 754 484; x_wconf 79' lang='grc' dir='ltr'><em>έπλ</em></span> <span class='ocrx_word' id='word_1_15' title='bbox 765 419 886 502; x_wconf 83' lang='grc' dir='ltr'><em>γέλωτί</em></span> <span class='ocrx_word' id='word_1_16' title='bbox 895 443 931 484; x_wconf 89' lang='grc' dir='ltr'><em>τε</em></span> <span class='ocrx_word' id='word_1_17' title='bbox 942 420 996 486; x_wconf 81' lang='grc' dir='ltr'><em>καὶ</em></span> <span class='ocrx_word' id='word_1_18' title='bbox 1010 417 1122 505; x_wconf 88' lang='grc' dir='ltr'><em>λάσθη</em></span> <span class='ocrx_word' id='word_1_19' title='bbox 1143 497 1145 503; x_wconf 21' lang='lat'><strong>¹</strong></span> 
     </span>
     <span class='ocr_line' id='line_1_4' title="bbox 118 512 1120 635; baseline -0.002 -48.968"><span class='ocrx_word' id='word_1_20' title='bbox 118 518 237 603; x_wconf 85' lang='grc' dir='ltr'><em>είρότα</em></span> <span class='ocrx_word' id='word_1_21' title='bbox 251 513 312 585; x_wconf 82' lang='grc' dir='ltr'><em>τόν</em></span> <span class='ocrx_word' id='word_1_22' title='bbox 326 515 547 635; x_wconf 79' lang='grc' dir='ltr'><em>Δημάρητ,</em></span> <span class='ocrx_word' id='word_1_23' title='bbox 497 539 531 581; x_wconf 66' lang='grc' dir='ltr'><em>Ὶν</em></span> <span class='ocrx_word' id='word_1_24' title='bbox 563 512 679 584; x_wconf 75' lang='grc' dir='ltr'><em>ὁκοῖόν</em></span> <span class='ocrx_word' id='word_1_25' title='bbox 693 541 724 584; x_wconf 91' lang='grc' dir='ltr'><em>τι</em></span> <span class='ocrx_word' id='word_1_26' title='bbox 739 525 789 602; x_wconf 86' lang='grc' dir='ltr'><em>είη</em></span> <span class='ocrx_word' id='word_1_27' title='bbox 803 513 839 584; x_wconf 83' lang='grc' dir='ltr'><em>τό</em></span> <span class='ocrx_word' id='word_1_28' title='bbox 858 513 973 603; x_wconf 86' lang='grc' dir='ltr'><em>άρχειν</em></span> <span class='ocrx_word' id='word_1_29' title='bbox 986 513 1068 603; x_wconf 88' lang='grc' dir='ltr'><em>μετά</em></span> <span class='ocrx_word' id='word_1_30' title='bbox 1084 516 1120 584; x_wconf 84' lang='grc' dir='ltr'><em>τὸ</em></span> 
     </span>
     <span class='ocr_line' id='line_1_5' title="bbox 116 608 1121 702; baseline 0 -20"><span class='ocrx_word' id='word_1_31' title='bbox 116 612 324 701; x_wconf 76' lang='grc' dir='ltr'><em>βασιλεύειν·</em></span> <span class='ocrx_word' id='word_1_32' title='bbox 344 610 362 678; x_wconf 85' lang='grc' dir='ltr'><strong>ὁ</strong></span> <span class='ocrx_word' id='word_1_33' title='bbox 379 611 415 680; x_wconf 76' lang='grc' dir='ltr'><em>δὲ</em></span> <span class='ocrx_word' id='word_1_34' title='bbox 426 608 614 702; x_wconf 79' lang='grc' dir='ltr'><em>άλγήσας</em></span> <span class='ocrx_word' id='word_1_35' title='bbox 584 638 628 678; x_wconf 91' lang='grc' dir='ltr'><em>τω</em></span> <span class='ocrx_word' id='word_1_36' title='bbox 615 612 878 699; x_wconf 74' lang='grc' dir='ltr'><em>ἐπειρωτήματι</em></span> <span class='ocrx_word' id='word_1_37' title='bbox 893 613 1022 681; x_wconf 80' lang='grc' dir='ltr'><em>εἶπε</em></span> <span class='ocrx_word' id='word_1_38' title='bbox 978 641 1045 700; x_wconf 89' lang='grc' dir='ltr'><em>φας</em></span> <span class='ocrx_word' id='word_1_39' title='bbox 1059 612 1121 682; x_wconf 90' lang='grc' dir='ltr'><em>αὐ-</em></span> 
     </span>
     <span class='ocr_line' id='line_1_6' title="bbox 116 708 1121 830; baseline -0.001 -49"><span class='ocrx_word' id='word_1_40' title='bbox 116 710 171 792; x_wconf 82' lang='grc' dir='ltr'><em>τὸς</em></span> <span class='ocrx_word' id='word_1_41' title='bbox 185 713 247 799; x_wconf 77' lang='grc' dir='ltr'><em>μὲν</em></span> <span class='ocrx_word' id='word_1_42' title='bbox 258 708 458 798; x_wconf 78' lang='grc' dir='ltr'><em>ἀμφοτέρων</em></span> <span class='ocrx_word' id='word_1_43' title='bbox 471 709 535 799; x_wconf 81' lang='grc' dir='ltr'><em>ἤδη</em></span> <span class='ocrx_word' id='word_1_44' title='bbox 551 715 784 799; x_wconf 80' lang='grc' dir='ltr'><em>πεπειρῆσθαι,</em></span> <span class='ocrx_word' id='word_1_45' title='bbox 800 715 931 783; x_wconf 78' lang='grc' dir='ltr'><em>ἐκείνου</em></span> <span class='ocrx_word' id='word_1_46' title='bbox 944 715 1033 783; x_wconf 68' lang='grc' dir='ltr'><em>δὲ’</em></span> <span class='ocrx_word' id='word_1_47' title='bbox 991 742 1045 802; x_wconf 93' lang='grc' dir='ltr'><em>ου,</em></span> <span class='ocrx_word' id='word_1_48' title='bbox 1061 713 1121 830; x_wconf 81' lang='grc' dir='ltr'><em>τηη</em></span> 
     </span>
     <span class='ocr_line' id='line_1_7' title="bbox 115 807 1120 931; baseline 0 -52"><span class='ocrx_word' id='word_1_49' title='bbox 115 813 229 899; x_wconf 87' lang='grc' dir='ltr'><em>μέντοι</em></span> <span class='ocrx_word' id='word_1_50' title='bbox 257 809 474 931; x_wconf 75' lang='grc' dir='ltr'><em>ἐπειρώτησιν</em></span> <span class='ocrx_word' id='word_1_51' title='bbox 500 809 626 895; x_wconf 89' lang='grc' dir='ltr'><em>ταύτην</em></span> <span class='ocrx_word' id='word_1_52' title='bbox 646 807 759 893; x_wconf 81' lang='grc' dir='ltr'><em>άρξειν</em></span> <span class='ocrx_word' id='word_1_53' title='bbox 780 812 1120 899; x_wconf 87' lang='grc' dir='ltr'><em>Λακεδαιμονιοισι</em></span> <span class='ocrx_word' id='word_1_54' title='bbox 1099 839 1119 899; x_wconf 94' lang='grc' dir='ltr'><em>η</em></span> 
     </span>
     <span class='ocr_line' id='line_1_8' title="bbox 115 904 1120 998; baseline 0 -20"><span class='ocrx_word' id='word_1_55' title='bbox 115 914 236 997; x_wconf 80' lang='grc' dir='ltr'><em>μυρίης</em></span> <span class='ocrx_word' id='word_1_56' title='bbox 251 908 432 995; x_wconf 82' lang='grc' dir='ltr'><em>κακότητος</em></span> <span class='ocrx_word' id='word_1_57' title='bbox 446 936 465 995; x_wconf 94' lang='grc' dir='ltr'><em>η</em></span> <span class='ocrx_word' id='word_1_58' title='bbox 452 904 602 996; x_wconf 75' lang='grc' dir='ltr'><em>“μυρίης</em></span> <span class='ocrx_word' id='word_1_59' title='bbox 617 907 837 998; x_wconf 83' lang='grc' dir='ltr'><em>εὐδαιμονίης.</em></span> <span class='ocrx_word' id='word_1_60' title='bbox 861 918 963 980; x_wconf 86' lang='grc' dir='ltr'><em>ταῦτα</em></span> <span class='ocrx_word' id='word_1_61' title='bbox 979 915 1015 980; x_wconf 72' lang='grc' dir='ltr'><em>δὲ</em></span> <span class='ocrx_word' id='word_1_62' title='bbox 1028 920 1120 990; x_wconf 82' lang='grc' dir='ltr'><em>ελπας</em></span> 
     </span>
     <span class='ocr_line' id='line_1_9' title="bbox 117 1004 1120 1098; baseline -0.002 -20"><span class='ocrx_word' id='word_1_63' title='bbox 117 1013 171 1078; x_wconf 77' lang='grc' dir='ltr'><em>καὶ</em></span> <span class='ocrx_word' id='word_1_64' title='bbox 187 1004 541 1093; x_wconf 78' lang='grc' dir='ltr'><em>κατακαλυψάμενος”</em></span> <span class='ocrx_word' id='word_1_65' title='bbox 519 1032 571 1094; x_wconf 90' lang='grc' dir='ltr'><em>ηιε</em></span> <span class='ocrx_word' id='word_1_66' title='bbox 588 1009 625 1075; x_wconf 90' lang='grc' dir='ltr'><em>έκ</em></span> <span class='ocrx_word' id='word_1_67' title='bbox 646 1014 707 1075; x_wconf 84' lang='grc' dir='ltr'><em>τοῦ</em></span> <span class='ocrx_word' id='word_1_68' title='bbox 723 1009 872 1098; x_wconf 80' lang='grc' dir='ltr'><em>θεήτρου</em></span> <span class='ocrx_word' id='word_1_69' title='bbox 887 1007 970 1089; x_wconf 84' lang='grc' dir='ltr'><em>ές</em></span> <span class='ocrx_word' id='word_1_70' title='bbox 934 1036 975 1076; x_wconf 90' lang='grc' dir='ltr'><em>τα</em></span> <span class='ocrx_word' id='word_1_71' title='bbox 992 1011 1120 1078; x_wconf 82' lang='grc' dir='ltr'><em>εαυτοῦ</em></span> 
     </span>
     <span class='ocr_line' id='line_1_10' title="bbox 117 1103 1118 1201; baseline 0 -25"><span class='ocrx_word' id='word_1_72' title='bbox 117 1113 221 1193; x_wconf 84' lang='grc' dir='ltr'><em>οίκία,</em></span> <span class='ocrx_word' id='word_1_73' title='bbox 244 1103 362 1173; x_wconf 81' lang='grc' dir='ltr'><em>αὐτίκα</em></span> <span class='ocrx_word' id='word_1_74' title='bbox 377 1103 414 1172; x_wconf 71' lang='grc' dir='ltr'><em>δὲ</em></span> <span class='ocrx_word' id='word_1_75' title='bbox 434 1106 775 1195; x_wconf 86' lang='grc' dir='ltr'><em>παρασκευασάμενος</em></span> <span class='ocrx_word' id='word_1_76' title='bbox 789 1115 871 1178; x_wconf 82' lang='grc' dir='ltr'><em>ἔθυε</em></span> <span class='ocrx_word' id='word_1_77' title='bbox 886 1137 931 1201; x_wconf 79' lang='grc' dir='ltr'><em>ιφ</em></span> <span class='ocrx_word' id='word_1_78' title='bbox 919 1113 1004 1179; x_wconf 87' lang='grc' dir='ltr'><em>Διι</em></span> <span class='ocrx_word' id='word_1_79' title='bbox 1021 1117 1118 1198; x_wconf 82' lang='grc' dir='ltr'><em>βοῦν,</em></span> 
     </span>
     <span class='ocr_line' id='line_1_11' title="bbox 67 1200 1116 1322; baseline 0 -46"><span class='ocrx_word' id='word_1_80' title='bbox 67 1222 101 1278; x_wconf 85' lang='grc'><em>68</em></span> <span class='ocrx_word' id='word_1_81' title='bbox 115 1205 225 1283; x_wconf 88' lang='grc' dir='ltr'><em>θύσας</em></span> <span class='ocrx_word' id='word_1_82' title='bbox 241 1200 325 1271; x_wconf 72' lang='grc' dir='ltr'><em>δὲ</em></span> <span class='ocrx_word' id='word_1_83' title='bbox 289 1230 352 1322; x_wconf 90' lang='grc' dir='ltr'><em>την</em></span> <span class='ocrx_word' id='word_1_84' title='bbox 367 1204 491 1290; x_wconf 87' lang='grc' dir='ltr'><em>μητέρα</em></span> <span class='ocrx_word' id='word_1_85' title='bbox 511 1206 654 1275; x_wconf 81' lang='grc' dir='ltr'><em>ἐκάλεσε.</em></span> <span class='ocrx_word' id='word_1_86' title='bbox 693 1203 892 1296; x_wconf 85' lang='grc' dir='ltr'><em>Ἀπικομένη</em></span> <span class='ocrx_word' id='word_1_87' title='bbox 913 1206 950 1276; x_wconf 67' lang='grc' dir='ltr'><em>δὲ</em></span> <span class='ocrx_word' id='word_1_88' title='bbox 968 1235 1007 1298; x_wconf 86' lang='grc' dir='ltr'><em>τη</em></span> <span class='ocrx_word' id='word_1_89' title='bbox 994 1210 1116 1296; x_wconf 86' lang='grc' dir='ltr'><em>μητρλ</em></span> 
     </span>
     <span class='ocr_line' id='line_1_12' title="bbox 116 1298 1119 1392; baseline 0.002 -21"><span class='ocrx_word' id='word_1_90' title='bbox 116 1303 225 1381; x_wconf 79' lang='grc' dir='ltr'><em>ἐσθεὶς</em></span> <span class='ocrx_word' id='word_1_91' title='bbox 239 1298 319 1380; x_wconf 80' lang='grc' dir='ltr'><em>ές</em></span> <span class='ocrx_word' id='word_1_92' title='bbox 283 1327 341 1380; x_wconf 85' lang='grc' dir='ltr'><em>τας</em></span> <span class='ocrx_word' id='word_1_93' title='bbox 353 1299 464 1387; x_wconf 79' lang='grc' dir='ltr'><em>χεῖράς</em></span> <span class='ocrx_word' id='word_1_94' title='bbox 475 1307 508 1370; x_wconf 87' lang='grc' dir='ltr'><em>ολ</em></span> <span class='ocrx_word' id='word_1_95' title='bbox 521 1309 588 1370; x_wconf 80' lang='grc' dir='ltr'><em>τῶν</em></span> <span class='ocrx_word' id='word_1_96' title='bbox 601 1303 801 1390; x_wconf 79' lang='grc' dir='ltr'><em>σπλάγχνων</em></span> <span class='ocrx_word' id='word_1_97' title='bbox 813 1309 1001 1374; x_wconf 83' lang='grc' dir='ltr'><em>κατικέτευε</em></span> <span class='ocrx_word' id='word_1_98' title='bbox 1012 1309 1119 1392; x_wconf 86' lang='grc' dir='ltr'><em>λέγων</em></span> 
     </span>
     <span class='ocr_line' id='line_1_13' title="bbox 114 1394 1118 1492; baseline 0 -22"><span class='ocrx_word' id='word_1_99' title='bbox 114 1402 243 1471; x_wconf 79' lang='grc' dir='ltr'><em>τοιάδε</em></span> <span class='ocrx_word' id='word_1_100' title='bbox 273 1394 313 1468; x_wconf 76' lang='grc' dir='ltr'><em>Ὦ</em></span> <span class='ocrx_word' id='word_1_101' title='bbox 327 1426 447 1488; x_wconf 89' lang='grc' dir='ltr'><em>μητερ,</em></span> <span class='ocrx_word' id='word_1_102' title='bbox 462 1407 556 1468; x_wconf 76' lang='grc' dir='ltr'><em>θεῶν</em></span> <span class='ocrx_word' id='word_1_103' title='bbox 569 1420 607 1469; x_wconf 87' lang='grc' dir='ltr'><em>σε</em></span> <span class='ocrx_word' id='word_1_104' title='bbox 621 1408 688 1470; x_wconf 78' lang='grc' dir='ltr'><em>τῶν</em></span> <span class='ocrx_word' id='word_1_105' title='bbox 699 1429 734 1470; x_wconf 93' lang='grc' dir='ltr'><em>τε</em></span> <span class='ocrx_word' id='word_1_106' title='bbox 748 1400 861 1472; x_wconf 87' lang='grc' dir='ltr'><em>άλλων</em></span> <span class='ocrx_word' id='word_1_107' title='bbox 871 1405 1118 1492; x_wconf 89' lang='grc' dir='ltr'><em>καταπτόμενος</em></span> 
     </span>
     <span class='ocr_line' id='line_1_14' title="bbox 114 1496 1118 1591; baseline 0.002 -22"><span class='ocrx_word' id='word_1_108' title='bbox 114 1500 252 1570; x_wconf 87' lang='grc' dir='ltr'><em>ίκειεύω</em></span> <span class='ocrx_word' id='word_1_109' title='bbox 264 1503 390 1567; x_wconf 81' lang='grc' dir='ltr'><em>καὶτοῦ</em></span> <span class='ocrx_word' id='word_1_110' title='bbox 403 1500 534 1586; x_wconf 80' lang='grc' dir='ltr'><em>ἑρκείου</em></span> <span class='ocrx_word' id='word_1_111' title='bbox 543 1496 627 1578; x_wconf 85' lang='grc' dir='ltr'><em>Διός</em></span> <span class='ocrx_word' id='word_1_112' title='bbox 641 1504 739 1568; x_wconf 85' lang='grc' dir='ltr'><em>τοῦδε</em></span> <span class='ocrx_word' id='word_1_113' title='bbox 751 1502 877 1587; x_wconf 87' lang='grc' dir='ltr'><em>φράσαι</em></span> <span class='ocrx_word' id='word_1_114' title='bbox 888 1528 945 1588; x_wconf 91' lang='grc' dir='ltr'><em>μοι</em></span> <span class='ocrx_word' id='word_1_115' title='bbox 959 1501 1022 1591; x_wconf 77' lang='grc' dir='ltr'><em>τὴν</em></span> <span class='ocrx_word' id='word_1_116' title='bbox 1036 1499 1118 1589; x_wconf 79' lang='grc' dir='ltr'><em>άλη-</em></span> 
     </span>
     <span class='ocr_line' id='line_1_15' title="bbox 113 1595 1119 1693; baseline -0.003 -23"><span class='ocrx_word' id='word_1_117' title='bbox 113 1613 230 1688; x_wconf 88' lang='grc' dir='ltr'><em>θειαν,</em></span> <span class='ocrx_word' id='word_1_118' title='bbox 247 1607 296 1678; x_wconf 88' lang='grc' dir='ltr'><em>τίς</em></span> <span class='ocrx_word' id='word_1_119' title='bbox 310 1599 375 1686; x_wconf 90' lang='grc' dir='ltr'><em>μεύ</em></span> <span class='ocrx_word' id='word_1_120' title='bbox 392 1601 460 1667; x_wconf 77' lang='grc' dir='ltr'><em>ἐστι</em></span> <span class='ocrx_word' id='word_1_121' title='bbox 477 1596 584 1686; x_wconf 78' lang='grc' dir='ltr'><em>πατὴρ</em></span> <span class='ocrx_word' id='word_1_122' title='bbox 599 1595 694 1690; x_wconf 76' lang='grc' dir='ltr'><em>ὀρθῷ</em></span> <span class='ocrx_word' id='word_1_123' title='bbox 709 1600 807 1693; x_wconf 78' lang='grc' dir='ltr'><em>λόγω.</em></span> <span class='ocrx_word' id='word_1_124' title='bbox 838 1605 1043 1689; x_wconf 82' lang='grc' dir='ltr'><em>Λευτυχίδης</em></span> <span class='ocrx_word' id='word_1_125' title='bbox 1057 1603 1119 1688; x_wconf 77' lang='grc' dir='ltr'><em>μὲν</em></span> 
     </span>
     <span class='ocr_line' id='line_1_16' title="bbox 113 1699 1119 1789; baseline 0 -21"><span class='ocrx_word' id='word_1_126' title='bbox 113 1699 178 1787; x_wconf 87' lang='grc' dir='ltr'><em>γάρ</em></span> <span class='ocrx_word' id='word_1_127' title='bbox 193 1706 257 1789; x_wconf 82' lang='grc' dir='ltr'><em>ἔφη</em></span> <span class='ocrx_word' id='word_1_128' title='bbox 273 1702 310 1768; x_wconf 89' lang='grc' dir='ltr'><em>έν</em></span> <span class='ocrx_word' id='word_1_129' title='bbox 324 1713 408 1767; x_wconf 77' lang='grc' dir='ltr'><em>τοῖσι</em></span> <span class='ocrx_word' id='word_1_130' title='bbox 422 1704 545 1767; x_wconf 88' lang='grc' dir='ltr'><em>νείκεσι</em></span> <span class='ocrx_word' id='word_1_131' title='bbox 556 1701 663 1784; x_wconf 88' lang='grc' dir='ltr'><em>λέγων</em></span> <span class='ocrx_word' id='word_1_132' title='bbox 677 1699 846 1768; x_wconf 89' lang='grc' dir='ltr'><em>κυέουσάν</em></span> <span class='ocrx_word' id='word_1_133' title='bbox 857 1719 895 1768; x_wconf 88' lang='grc' dir='ltr'><em>σε</em></span> <span class='ocrx_word' id='word_1_134' title='bbox 909 1702 946 1768; x_wconf 84' lang='grc' dir='ltr'><em>έκ</em></span> <span class='ocrx_word' id='word_1_135' title='bbox 957 1707 1018 1768; x_wconf 86' lang='grc' dir='ltr'><em>τού</em></span> <span class='ocrx_word' id='word_1_136' title='bbox 1033 1725 1119 1787; x_wconf 85' lang='grc' dir='ltr'><em>προ-</em></span> 
     </span>
     <span class='ocr_line' id='line_1_17' title="bbox 114 1792 1120 1887; baseline -0.001 -20"><span class='ocrx_word' id='word_1_137' title='bbox 114 1802 212 1887; x_wconf 89' lang='grc' dir='ltr'><em>τέρου</em></span> <span class='ocrx_word' id='word_1_138' title='bbox 223 1794 346 1885; x_wconf 75' lang='grc' dir='ltr'><em>ἀνδρὸς</em></span> <span class='ocrx_word' id='word_1_139' title='bbox 357 1795 445 1864; x_wconf 82' lang='grc' dir='ltr'><em>οὕτω</em></span> <span class='ocrx_word' id='word_1_140' title='bbox 458 1792 572 1865; x_wconf 80' lang='grc' dir='ltr'><em>ἐλθεῖν</em></span> <span class='ocrx_word' id='word_1_141' title='bbox 582 1796 671 1884; x_wconf 87' lang='grc' dir='ltr'><em>παρά</em></span> <span class='ocrx_word' id='word_1_142' title='bbox 683 1795 879 1886; x_wconf 86' lang='grc' dir='ltr'><em>Ἀρίστωνα,</em></span> <span class='ocrx_word' id='word_1_143' title='bbox 895 1802 929 1866; x_wconf 91' lang='grc' dir='ltr'><em>οί</em></span> <span class='ocrx_word' id='word_1_144' title='bbox 942 1798 979 1866; x_wconf 75' lang='grc' dir='ltr'><em>δὲ</em></span> <span class='ocrx_word' id='word_1_145' title='bbox 993 1802 1048 1867; x_wconf 80' lang='grc' dir='ltr'><em>καί</em></span> <span class='ocrx_word' id='word_1_146' title='bbox 1059 1796 1120 1866; x_wconf 83' lang='grc' dir='ltr'><em>τόν</em></span> 
     </span>
     <span class='ocr_line' id='line_1_18' title="bbox 113 1896 1119 1987; baseline -0.002 -21"><span class='ocrx_word' id='word_1_147' title='bbox 113 1898 331 1987; x_wconf 84' lang='grc' dir='ltr'><em>ματαιότερον</em></span> <span class='ocrx_word' id='word_1_148' title='bbox 351 1896 454 1983; x_wconf 92' lang='grc' dir='ltr'><em>λόγον</em></span> <span class='ocrx_word' id='word_1_149' title='bbox 474 1897 627 1982; x_wconf 78' lang='grc' dir='ltr'><em>λέγοντες</em></span> <span class='ocrx_word' id='word_1_150' title='bbox 646 1904 732 1984; x_wconf 93' lang='grc' dir='ltr'><em>φασί</em></span> <span class='ocrx_word' id='word_1_151' title='bbox 750 1918 787 1966; x_wconf 87' lang='grc' dir='ltr'><em>σε</em></span> <span class='ocrx_word' id='word_1_152' title='bbox 809 1899 923 1966; x_wconf 81' lang='grc' dir='ltr'><em>έλθεῖν</em></span> <span class='ocrx_word' id='word_1_153' title='bbox 940 1896 1031 1981; x_wconf 83' lang='grc' dir='ltr'><em>παρά</em></span> <span class='ocrx_word' id='word_1_154' title='bbox 1051 1904 1119 1965; x_wconf 80' lang='grc' dir='ltr'><em>τῶν</em></span> 
     </span>
     <span class='ocr_line' id='line_1_19' title="bbox 114 1993 1116 2083; baseline 0 -19"><span class='ocrx_word' id='word_1_155' title='bbox 114 1998 268 2066; x_wconf 84' lang='grc' dir='ltr'><em>οίκετέων</em></span> <span class='ocrx_word' id='word_1_156' title='bbox 285 1993 345 2064; x_wconf 86' lang='grc' dir='ltr'><em>τόν</em></span> <span class='ocrx_word' id='word_1_157' title='bbox 366 1993 576 2083; x_wconf 73' lang='grc' dir='ltr'><em>ὀνοφορβόν,</em></span> <span class='ocrx_word' id='word_1_158' title='bbox 600 1998 655 2064; x_wconf 82' lang='grc' dir='ltr'><em>καὶ</em></span> <span class='ocrx_word' id='word_1_159' title='bbox 675 1997 731 2082; x_wconf 73' lang='grc' dir='ltr'><em>ἐμὲ</em></span> <span class='ocrx_word' id='word_1_160' title='bbox 752 1994 836 2064; x_wconf 79' lang='grc' dir='ltr'><em>εἶναι</em></span> <span class='ocrx_word' id='word_1_161' title='bbox 852 1998 983 2064; x_wconf 78' lang='grc' dir='ltr'><em>ἐκείνου</em></span> <span class='ocrx_word' id='word_1_162' title='bbox 1004 2001 1116 2064; x_wconf 77' lang='grc' dir='ltr'><em>παῖδα.</em></span> 
     </span>
     <span class='ocr_line' id='line_1_20' title="bbox 113 2087 1118 2182; baseline -0.001 -20"><span class='ocrx_word' id='word_1_163' title='bbox 113 2093 176 2182; x_wconf 78' lang='grc' dir='ltr'><em>ἐγω</em></span> <span class='ocrx_word' id='word_1_164' title='bbox 196 2087 245 2161; x_wconf 74' lang='grc' dir='ltr'><em>σόν</em></span> <span class='ocrx_word' id='word_1_165' title='bbox 259 2112 296 2160; x_wconf 88' lang='grc' dir='ltr'><em>σε</em></span> <span class='ocrx_word' id='word_1_166' title='bbox 306 2097 501 2179; x_wconf 80' lang='grc' dir='ltr'><em>μετέρχομαι</em></span> <span class='ocrx_word' id='word_1_167' title='bbox 516 2100 584 2160; x_wconf 79' lang='grc' dir='ltr'><em>τῶν</em></span> <span class='ocrx_word' id='word_1_168' title='bbox 597 2101 691 2162; x_wconf 74' lang='grc' dir='ltr'><em>θεῶν</em></span> <span class='ocrx_word' id='word_1_169' title='bbox 706 2100 809 2162; x_wconf 82' lang='grc' dir='ltr'><em>εἰπεῖν</em></span> <span class='ocrx_word' id='word_1_170' title='bbox 823 2091 860 2162; x_wconf 87' lang='grc' dir='ltr'><em>τό</em></span> <span class='ocrx_word' id='word_1_171' title='bbox 876 2091 1018 2182; x_wconf 88' lang='grc' dir='ltr'><em>άληθές·</em></span> <span class='ocrx_word' id='word_1_172' title='bbox 1041 2092 1118 2161; x_wconf 89' lang='grc' dir='ltr'><em>ούτε</em></span> 
     </span>
     <span class='ocr_line' id='line_1_21' title="bbox 113 2188 1120 2281; baseline -0.002 -21"><span class='ocrx_word' id='word_1_173' title='bbox 113 2190 195 2281; x_wconf 84' lang='grc' dir='ltr'><em>γάρ,</em></span> <span class='ocrx_word' id='word_1_174' title='bbox 228 2199 260 2263; x_wconf 84' lang='grc' dir='ltr'><em>εί</em></span> <span class='ocrx_word' id='word_1_175' title='bbox 281 2193 465 2280; x_wconf 88' lang='grc' dir='ltr'><em>πεποίηκάς</em></span> <span class='ocrx_word' id='word_1_176' title='bbox 489 2220 520 2260; x_wconf 90' lang='grc' dir='ltr'><em>τι</em></span> <span class='ocrx_word' id='word_1_177' title='bbox 544 2195 613 2260; x_wconf 77' lang='grc' dir='ltr'><em>τῶν</em></span> <span class='ocrx_word' id='word_1_178' title='bbox 637 2191 840 2279; x_wconf 79' lang='grc' dir='ltr'><em>λεγομένων,</em></span> <span class='ocrx_word' id='word_1_179' title='bbox 876 2193 985 2279; x_wconf 82' lang='grc' dir='ltr'><em>μούνη</em></span> <span class='ocrx_word' id='word_1_180' title='bbox 1001 2188 1041 2278; x_wconf 82' lang='grc' dir='ltr'><em>δη</em></span> <span class='ocrx_word' id='word_1_181' title='bbox 1059 2215 1120 2259; x_wconf 89' lang='grc' dir='ltr'><em>πε-</em></span> 
     </span>
     <span class='ocr_line' id='line_1_22' title="bbox 112 2288 1117 2379; baseline -0.003 -19"><span class='ocrx_word' id='word_1_182' title='bbox 112 2298 261 2378; x_wconf 88' lang='grc' dir='ltr'><em>ποίηκας,</em></span> <span class='ocrx_word' id='word_1_183' title='bbox 277 2288 358 2378; x_wconf 88' lang='grc' dir='ltr'><em>μετά</em></span> <span class='ocrx_word' id='word_1_184' title='bbox 370 2292 522 2358; x_wconf 83' lang='grc' dir='ltr'><em>πολλέων</em></span> <span class='ocrx_word' id='word_1_185' title='bbox 533 2293 580 2376; x_wconf 82' lang='grc' dir='ltr'><em>δὲ,</em></span> <span class='ocrx_word' id='word_1_186' title='bbox 597 2290 618 2359; x_wconf 86' lang='grc' dir='ltr'><em>ό</em></span> <span class='ocrx_word' id='word_1_187' title='bbox 627 2319 661 2359; x_wconf 88' lang='grc' dir='ltr'><em>τε</em></span> <span class='ocrx_word' id='word_1_188' title='bbox 673 2293 772 2377; x_wconf 87' lang='grc' dir='ltr'><em>λόγος</em></span> <span class='ocrx_word' id='word_1_189' title='bbox 782 2288 905 2369; x_wconf 85' lang='grc' dir='ltr'><em>πολλός</em></span> <span class='ocrx_word' id='word_1_190' title='bbox 917 2295 954 2358; x_wconf 82' lang='grc' dir='ltr'><em>έν</em></span> <span class='ocrx_word' id='word_1_191' title='bbox 964 2288 1117 2379; x_wconf 89' lang='grc' dir='ltr'><em>Σπάρτη,</em></span> 
     </span>
     <span class='ocr_line' id='line_1_23' title="bbox 113 2384 1117 2476; baseline -0.001 -21"><span class='ocrx_word' id='word_1_192' title='bbox 113 2387 157 2468; x_wconf 73' lang='grc' dir='ltr'><em>ὡς</em></span> <span class='ocrx_word' id='word_1_193' title='bbox 173 2386 345 2475; x_wconf 73' lang='grc' dir='ltr'><em>Ἀρίστωνι</em></span> <span class='ocrx_word' id='word_1_194' title='bbox 359 2388 488 2474; x_wconf 87' lang='grc' dir='ltr'><em>σπέρμα</em></span> <span class='ocrx_word' id='word_1_195' title='bbox 505 2385 705 2456; x_wconf 80' lang='grc' dir='ltr'><em>παιδοποιὸν</em></span> <span class='ocrx_word' id='word_1_196' title='bbox 726 2384 788 2455; x_wconf 90' lang='grc' dir='ltr'><em>ούκ</em></span> <span class='ocrx_word' id='word_1_197' title='bbox 804 2391 901 2476; x_wconf 79' lang='grc' dir='ltr'><em>ἐνῆν·</em></span> <span class='ocrx_word' id='word_1_198' title='bbox 929 2403 1038 2456; x_wconf 78' lang='grc' dir='ltr'><em>τεκεῖν</em></span> <span class='ocrx_word' id='word_1_199' title='bbox 1053 2386 1117 2474; x_wconf 83' lang='grc' dir='ltr'><em>γάρ</em></span> 
     </span>
     <span class='ocr_line' id='line_1_24' title="bbox 64 2484 1117 2575; baseline -0.003 -19"><span class='ocrx_word' id='word_1_200' title='bbox 64 2502 97 2556; x_wconf 80' lang='grc'><em>69</em></span> <span class='ocrx_word' id='word_1_201' title='bbox 112 2488 155 2558; x_wconf 84' lang='grc' dir='ltr'><em>άυ</em></span> <span class='ocrx_word' id='word_1_202' title='bbox 166 2490 262 2557; x_wconf 75' lang='grc' dir='ltr'><em>οἱκαὶ</em></span> <span class='ocrx_word' id='word_1_203' title='bbox 271 2485 329 2566; x_wconf 84' lang='grc' dir='ltr'><em>τάς</em></span> <span class='ocrx_word' id='word_1_204' title='bbox 340 2489 502 2575; x_wconf 80' lang='grc' dir='ltr'><em>προτέρας</em></span> <span class='ocrx_word' id='word_1_205' title='bbox 511 2501 681 2573; x_wconf 79' lang='grc' dir='ltr'><em>γυναῖκας.</em></span> <span class='ocrx_word' id='word_1_206' title='bbox 696 2484 732 2555; x_wconf 86' lang='lat'><em>‘0</em></span> <span class='ocrx_word' id='word_1_207' title='bbox 743 2487 805 2574; x_wconf 77' lang='grc' dir='ltr'><em>μὲν</em></span> <span class='ocrx_word' id='word_1_208' title='bbox 816 2485 856 2573; x_wconf 78' lang='grc' dir='ltr'><em>δη</em></span> <span class='ocrx_word' id='word_1_209' title='bbox 866 2493 1002 2556; x_wconf 84' lang='grc' dir='ltr'><em>τοιαῦτα</em></span> <span class='ocrx_word' id='word_1_210' title='bbox 1014 2492 1117 2572; x_wconf 81' lang='grc' dir='ltr'><em>ἔλεγε,</em></span> 
     </span>
     <span class='ocr_line' id='line_1_25' title="bbox 109 2579 1118 2677; baseline -0.004 -23"><span class='ocrx_word' id='word_1_211' title='bbox 109 2583 129 2677; x_wconf 77' lang='grc' dir='ltr'><em>ἡ</em></span> <span class='ocrx_word' id='word_1_212' title='bbox 143 2591 178 2655; x_wconf 83' lang='grc' dir='ltr'><em>δὲ</em></span> <span class='ocrx_word' id='word_1_213' title='bbox 190 2585 341 2675; x_wconf 88' lang='grc' dir='ltr'><em>άμείβετο</em></span> <span class='ocrx_word' id='word_1_214' title='bbox 354 2591 486 2656; x_wconf 85' lang='grc' dir='ltr'><em>τοιοίδε.</em></span> <span class='ocrx_word' id='word_1_215' title='bbox 516 2579 554 2653; x_wconf 74' lang='grc' dir='ltr'><em>Ὦ</em></span> <span class='ocrx_word' id='word_1_216' title='bbox 566 2600 635 2673; x_wconf 82' lang='grc' dir='ltr'><em>καί,</em></span> <span class='ocrx_word' id='word_1_217' title='bbox 656 2588 763 2655; x_wconf 81' lang='grc' dir='ltr'><em>ἐπείτε</em></span> <span class='ocrx_word' id='word_1_218' title='bbox 774 2611 815 2672; x_wconf 91' lang='grc' dir='ltr'><em>με</em></span> <span class='ocrx_word' id='word_1_219' title='bbox 827 2592 935 2674; x_wconf 74' lang='grc' dir='ltr'><em>λιτῇσι</em></span> <span class='ocrx_word' id='word_1_220' title='bbox 948 2586 1118 2672; x_wconf 84' lang='grc' dir='ltr'><em>μετέρχεαι</em></span> 
     </span>
     <span class='ocr_line' id='line_1_26' title="bbox 111 2680 1119 2773; baseline -0.005 -19"><span class='ocrx_word' id='word_1_221' title='bbox 111 2693 215 2756; x_wconf 76' lang='grc' dir='ltr'><em>εἰπεῖν</em></span> <span class='ocrx_word' id='word_1_222' title='bbox 226 2685 287 2773; x_wconf 78' lang='grc' dir='ltr'><em>τὴν</em></span> <span class='ocrx_word' id='word_1_223' title='bbox 299 2685 473 2773; x_wconf 77' lang='grc' dir='ltr'><em>ἀλήθειαν,</em></span> <span class='ocrx_word' id='word_1_224' title='bbox 483 2689 551 2752; x_wconf 83' lang='grc' dir='ltr'><em>πάν</em></span> <span class='ocrx_word' id='word_1_225' title='bbox 565 2685 596 2762; x_wconf 80' lang='grc' dir='ltr'><em>ές</em></span> <span class='ocrx_word' id='word_1_226' title='bbox 607 2683 644 2752; x_wconf 61' lang='grc' dir='ltr'><em>σε</em></span> <span class='ocrx_word' id='word_1_227' title='bbox 651 2683 873 2773; x_wconf 78' lang='grc' dir='ltr'><em>κατειρήσεται</em></span> <span class='ocrx_word' id='word_1_228' title='bbox 880 2683 917 2753; x_wconf 85' lang='grc' dir='ltr'><em>τό</em></span> <span class='ocrx_word' id='word_1_229' title='bbox 925 2680 1061 2770; x_wconf 82' lang='grc' dir='ltr'><em>άληθές.</em></span> <span class='ocrx_word' id='word_1_230' title='bbox 1074 2680 1119 2760; x_wconf 75' lang='grc' dir='ltr'><em>ὥς</em></span> 
     </span>
    </p>
   </div>
   <div class='ocr_carea' id='block_1_3' title="bbox 109 2777 1118 3462">
    <p class='ocr_par' dir='ltr' id='par_1_3' title="bbox 109 2777 1118 3462">
     <span class='ocr_line' id='line_1_27' title="bbox 110 2777 1118 2872; baseline -0.006 -20"><span class='ocrx_word' id='word_1_231' title='bbox 110 2810 151 2871; x_wconf 89' lang='grc' dir='ltr'><em>με</em></span> <span class='ocrx_word' id='word_1_232' title='bbox 161 2781 304 2872; x_wconf 78' lang='grc' dir='ltr'><em>ἠγάγετο</em></span> <span class='ocrx_word' id='word_1_233' title='bbox 315 2781 473 2869; x_wconf 79' lang='grc' dir='ltr'><em>Ἀρίστων</em></span> <span class='ocrx_word' id='word_1_234' title='bbox 486 2784 518 2859; x_wconf 87' lang='grc' dir='ltr'><em>ές</em></span> <span class='ocrx_word' id='word_1_235' title='bbox 531 2783 667 2864; x_wconf 79' lang='grc' dir='ltr'><em>ἑωυτοῦ,</em></span> <span class='ocrx_word' id='word_1_236' title='bbox 674 2783 770 2847; x_wconf 83' lang='grc' dir='ltr'><em>νυκτὶ</em></span> <span class='ocrx_word' id='word_1_237' title='bbox 778 2786 871 2869; x_wconf 88' lang='grc' dir='ltr'><em>τρίτη</em></span> <span class='ocrx_word' id='word_1_238' title='bbox 882 2777 946 2848; x_wconf 85' lang='grc' dir='ltr'><em>άπό</em></span> <span class='ocrx_word' id='word_1_239' title='bbox 956 2787 1013 2866; x_wconf 75' lang='grc' dir='ltr'><em>τῆς</em></span> <span class='ocrx_word' id='word_1_240' title='bbox 1024 2778 1118 2867; x_wconf 80' lang='grc' dir='ltr'><em>πρά-</em></span> 
     </span>
     <span class='ocr_line' id='line_1_28' title="bbox 110 2875 1117 2968; baseline -0.005 -19"><span class='ocrx_word' id='word_1_241' title='bbox 110 2908 166 2968; x_wconf 88' lang='grc' dir='ltr'><em>της</em></span> <span class='ocrx_word' id='word_1_242' title='bbox 175 2875 265 2968; x_wconf 77' lang='grc' dir='ltr'><em>ἦλθέ</em></span> <span class='ocrx_word' id='word_1_243' title='bbox 272 2907 329 2966; x_wconf 90' lang='grc' dir='ltr'><em>μοι</em></span> <span class='ocrx_word' id='word_1_244' title='bbox 344 2880 461 2967; x_wconf 88' lang='grc' dir='ltr'><em>φάσμα</em></span> <span class='ocrx_word' id='word_1_245' title='bbox 474 2877 649 2963; x_wconf 83' lang='grc' dir='ltr'><em>εἰδόμενον</em></span> <span class='ocrx_word' id='word_1_246' title='bbox 659 2875 842 2967; x_wconf 74' lang='grc' dir='ltr'><em>Ἀρίστωνι,</em></span> <span class='ocrx_word' id='word_1_247' title='bbox 855 2881 1071 2965; x_wconf 73' lang='grc' dir='ltr'><em>συνευνηθὲν</em></span> <span class='ocrx_word' id='word_1_248' title='bbox 1082 2878 1117 2945; x_wconf 76' lang='grc' dir='ltr'><em>δὲ</em></span> 
     </span>
     <span class='ocr_line' id='line_1_29' title="bbox 109 2974 1117 3066; baseline -0.006 -18"><span class='ocrx_word' id='word_1_249' title='bbox 109 2979 188 3060; x_wconf 83' lang='grc' dir='ltr'><em>τούς</em></span> <span class='ocrx_word' id='word_1_250' title='bbox 203 2979 407 3066; x_wconf 84' lang='grc' dir='ltr'><em>στεφάνους,</em></span> <span class='ocrx_word' id='word_1_251' title='bbox 425 2976 504 3057; x_wconf 85' lang='grc' dir='ltr'><em>τούς</em></span> <span class='ocrx_word' id='word_1_252' title='bbox 522 2975 601 3064; x_wconf 77' lang='grc' dir='ltr'><em>εἶχε,</em></span> <span class='ocrx_word' id='word_1_253' title='bbox 620 2979 693 3063; x_wconf 79' lang='grc' dir='ltr'><em>ἐμοὶ</em></span> <span class='ocrx_word' id='word_1_254' title='bbox 707 2984 900 3063; x_wconf 88' lang='grc' dir='ltr'><em>περιετίθεε.</em></span> <span class='ocrx_word' id='word_1_255' title='bbox 930 2979 985 3045; x_wconf 82' lang='grc' dir='ltr'><em>καλ</em></span> <span class='ocrx_word' id='word_1_256' title='bbox 1002 2974 1040 3044; x_wconf 84' lang='grc' dir='ltr'><em>τό</em></span> <span class='ocrx_word' id='word_1_257' title='bbox 1056 2976 1117 3064; x_wconf 73' lang='grc' dir='ltr'><em>μὲν</em></span> 
     </span>
     <span class='ocr_line' id='line_1_30' title="bbox 111 3070 1117 3166; baseline -0.005 -20"><span class='ocrx_word' id='word_1_258' title='bbox 111 3078 255 3165; x_wconf 81' lang='grc' dir='ltr'><em>οίχτόκεε,</em></span> <span class='ocrx_word' id='word_1_259' title='bbox 267 3070 328 3166; x_wconf 74' lang='grc' dir='ltr'><em>ἧκε</em></span> <span class='ocrx_word' id='word_1_260' title='bbox 340 3077 376 3146; x_wconf 68' lang='grc' dir='ltr'><em>δὲ</em></span> <span class='ocrx_word' id='word_1_261' title='bbox 387 3074 468 3164; x_wconf 85' lang='grc' dir='ltr'><em>μετά</em></span> <span class='ocrx_word' id='word_1_262' title='bbox 480 3083 584 3144; x_wconf 80' lang='grc' dir='ltr'><em>ταῦτα</em></span> <span class='ocrx_word' id='word_1_263' title='bbox 594 3072 763 3163; x_wconf 85' lang='grc' dir='ltr'><em>Ἀρίστων.</em></span> <span class='ocrx_word' id='word_1_264' title='bbox 787 3073 831 3155; x_wconf 77' lang='grc' dir='ltr'><em>ὡς</em></span> <span class='ocrx_word' id='word_1_265' title='bbox 842 3078 881 3145; x_wconf 87' lang='grc' dir='ltr'><em>δέ</em></span> <span class='ocrx_word' id='word_1_266' title='bbox 887 3100 929 3164; x_wconf 90' lang='grc' dir='ltr'><em>με</em></span> <span class='ocrx_word' id='word_1_267' title='bbox 942 3072 1009 3142; x_wconf 87' lang='grc' dir='ltr'><em>είδε</em></span> <span class='ocrx_word' id='word_1_268' title='bbox 1020 3079 1117 3161; x_wconf 80' lang='grc' dir='ltr'><em>ἔχον-</em></span> 
     </span>
     <span class='ocr_line' id='line_1_31' title="bbox 110 3170 1117 3263; baseline -0.005 -19"><span class='ocrx_word' id='word_1_269' title='bbox 110 3194 175 3244; x_wconf 87' lang='grc' dir='ltr'><em>σαν</em></span> <span class='ocrx_word' id='word_1_270' title='bbox 190 3173 395 3263; x_wconf 87' lang='grc' dir='ltr'><em>στεφάνους,</em></span> <span class='ocrx_word' id='word_1_271' title='bbox 412 3174 547 3261; x_wconf 84' lang='grc' dir='ltr'><em>είρύτα,</em></span> <span class='ocrx_word' id='word_1_272' title='bbox 562 3179 610 3252; x_wconf 91' lang='grc' dir='ltr'><em>τίς</em></span> <span class='ocrx_word' id='word_1_273' title='bbox 622 3182 672 3260; x_wconf 83' lang='grc' dir='ltr'><em>ελη</em></span> <span class='ocrx_word' id='word_1_274' title='bbox 684 3172 772 3260; x_wconf 85' lang='grc' dir='ltr'><em>όμοι</em></span> <span class='ocrx_word' id='word_1_275' title='bbox 783 3174 880 3253; x_wconf 83' lang='grc' dir='ltr'><em>δούς·</em></span> <span class='ocrx_word' id='word_1_276' title='bbox 903 3170 968 3261; x_wconf 78' lang='grc' dir='ltr'><em>ε’γά</em></span> <span class='ocrx_word' id='word_1_277' title='bbox 984 3170 1021 3241; x_wconf 72' lang='grc' dir='ltr'><em>δὲ</em></span> <span class='ocrx_word' id='word_1_278' title='bbox 1033 3170 1117 3260; x_wconf 80' lang='grc' dir='ltr'><em>ἐφά-</em></span> 
     </span>
     <span class='ocr_line' id='line_1_32' title="bbox 110 3269 1116 3362; baseline -0.003 -20"><span class='ocrx_word' id='word_1_279' title='bbox 110 3301 178 3362; x_wconf 91' lang='grc' dir='ltr'><em>μην</em></span> <span class='ocrx_word' id='word_1_280' title='bbox 193 3277 339 3344; x_wconf 79' lang='grc' dir='ltr'><em>έκείυον·</em></span> <span class='ocrx_word' id='word_1_281' title='bbox 362 3271 380 3342; x_wconf 87' lang='grc' dir='ltr'>ὁ</span> <span class='ocrx_word' id='word_1_282' title='bbox 399 3276 435 3343; x_wconf 79' lang='grc' dir='ltr'><em>δὲ</em></span> <span class='ocrx_word' id='word_1_283' title='bbox 450 3270 513 3342; x_wconf 89' lang='grc' dir='ltr'><em>ούκ</em></span> <span class='ocrx_word' id='word_1_284' title='bbox 529 3270 723 3342; x_wconf 81' lang='grc' dir='ltr'><em>ὑπεδέκετο·</em></span> <span class='ocrx_word' id='word_1_285' title='bbox 736 3269 810 3357; x_wconf 60' lang='lat' dir='ltr'><em>dyc&amp;</em></span> <span class='ocrx_word' id='word_1_286' title='bbox 827 3273 864 3339; x_wconf 67' lang='grc' dir='ltr'><em>δὲ</em></span> <span class='ocrx_word' id='word_1_287' title='bbox 878 3271 1116 3362; x_wconf 84' lang='grc' dir='ltr'><em>κατωμνύμην,</em></span> 
     </span>
     <span class='ocr_line' id='line_1_33' title="bbox 112 3367 1116 3462; baseline 0.002 -22"><span class='ocrx_word' id='word_1_288' title='bbox 112 3374 243 3459; x_wconf 84' lang='grc' dir='ltr'><em>φαμένη</em></span> <span class='ocrx_word' id='word_1_289' title='bbox 258 3370 363 3441; x_wconf 88' lang='grc' dir='ltr'><em>αύτόν</em></span> <span class='ocrx_word' id='word_1_290' title='bbox 384 3369 426 3440; x_wconf 90' lang='grc' dir='ltr'><em>ού</em></span> <span class='ocrx_word' id='word_1_291' title='bbox 446 3378 555 3450; x_wconf 77' lang='grc' dir='ltr'><em>καλῶς</em></span> <span class='ocrx_word' id='word_1_292' title='bbox 574 3372 701 3438; x_wconf 90' lang='grc' dir='ltr'><em>ποιέειν</em></span> <span class='ocrx_word' id='word_1_293' title='bbox 720 3367 993 3458; x_wconf 76' lang='grc' dir='ltr'><em>ἀπαρνεόμενον·</em></span> <span class='ocrx_word' id='word_1_294' title='bbox 1015 3371 1116 3462; x_wconf 70' lang='grc' dir='ltr'><em>ὀλίγῳ</em></span> 
     </span>
    </p>
   </div>
   <div class='ocr_carea' id='block_1_4' title="bbox 0 0 1194 3840">
    <p class='ocr_par' dir='ltr' id='par_1_4' title="bbox 0 0 1194 3840">
     <span class='ocr_line' id='line_1_34' title="bbox 0 0 1194 3840; baseline 0 1"><span class='ocrx_word' id='word_1_295' title='bbox 0 0 1194 3840; x_wconf 95' lang='lat' dir='ltr'><em> </em></span> 
     </span>
    </p>
   </div>
  </div>
 </body>
</html>
