2378 3840
121 213 186 276 258
496 216 747 274 HERODOTI

124 393 232 442 σασαν
244 377 277 453 ές
287 383 447 461 Αίγινιιν,
463 372 588 457 ταύτην
600 369 758 459 εἶναιτὴν
772 371 927 459 άρξασαν.
952 379 1089 460 λέγεται
1099 374 1130 442 δέ

125 471 180 541 καὶ
200 470 295 557 τάδε,
317 469 361 550 ὡς
376 471 492 556 φάσμα
513 491 573 556 σφι
588 469 749 556 γυναικός
766 473 891 561 ἐφάνη,
913 487 1087 561 φανεῖσαν
1100 472 1131 540 db

126 567 407 636 διακελεύσασθαι
419 566 502 635 ὥστε
516 571 571 635 καλ
579 560 669 635 ἅπαν
681 566 822 638 άκούσαι
833 570 870 640 τό
882 577 952 640 τῶν
960 569 1133 659 Ἑλλήνων

126 664 352 750 στρατόπεδον
364 662 576 734 ὀνειδίσασαν
591 667 756 754 πρότερον
769 667 864 737 τάδε·
890 663 931 736 Ὦ
949 667 1132 757 δαιμόνιοι,

21 818 28 825 -
81 782 115 836 85
126 768 219 852 μέχρι
240 761 345 830 κόσου
365 769 413 832 έτι
433 764 592 850 πρύμνην
609 759 877 848 άνακρουέεσθες
893 764 991 836 Κατολ
1006 766 1075 852 μὲν
1095 761 1132 850 δή

121 862 323 948 Ἀθηναίους
339 864 508 950 ἐτετάχατο
525 871 679 944 Φοίνικες
695 859 801 934 ὀὗτοι
815 865 880 953 γάρ
896 865 987 954 εἶχον
997 864 1038 934 τύ
1051 863 1133 954 πρὸς

82 1034 90 1055 Ι
122 957 309 1038 Ἐλευσῖνός
320 987 356 1027 τε
367 964 421 1030 καλ
433 964 572 1047 ἑσπέρης
582 965 694 1049 κέρας·
706 960 789 1029 κατά
801 966 837 1030 δὲ
843 967 1133 1050 Λακεδαιμονίους

122 1057 250 1135 Ἴωνες·
280 1049 374 1124 οὗτοι
394 1055 424 1124 δ’
444 1056 531 1143 εἶχον
546 1057 583 1127 τό
599 1057 682 1140 πρός
701 1056 763 1144 τήν
782 1056 832 1145 ήω
849 1062 955 1127 τεκαὶ
975 1057 1040 1127 τὸν
1056 1066 1132 1126 Πει-
1167 1140 1172 1153 ι

127 1159 230 1237 ραιέα.
247 1150 476 1240 ήθελοκάκεον
486 1161 600 1242 μέντοι
611 1153 724 1224 αὐτῶν
733 1155 817 1224 κατά
828 1154 1133 1244 τύςΘεμιστοκλέος

127 1250 264 1331 έντολύς
275 1250 391 1339 ὀλίγοι,
400 1257 432 1322 οί
443 1253 479 1321 δὲ
486 1261 626 1333 πλεῦνες
637 1252 687 1322 οὐ.
702 1261 764 1340 ἔχω
775 1257 837 1340 μέν
848 1281 914 1321 νυν
925 1261 1068 1340 συχνῶν
1079 1249 1132 1320 οὐ·

127 1350 255 1437 νόμαια
264 1351 474 1438 τριηράρχων
484 1353 658 1431 καταλέξαι
668 1358 735 1418 τῶν
746 1355 823 1431 νέας
831 1349 1028 1438 Ἑλληνίδας
1042 1348 1118 1419 ἑλόν

127 1478 206 1536 των,
213 1446 375 1535 χρήσομαι
386 1449 423 1517 δέ
433 1446 563 1516 αὐτοῖσι
574 1445 676 1516 οὐδὲν
686 1445 774 1536 πλήν
781 1447 1017 1535 Θεομήστορός
1029 1474 1068 1516 τε
1078 1448 1132 1515 τοῦ

124 1545 409 1632 Ἀνδροδάμαντος
420 1548 475 1613 καὶ
487 1545 648 1614 Φυλάκου
662 1553 723 1614 τοῦ
732 1544 899 1631 Ἱστιαίου,
913 1552 1065 1632 Σαμίων
1074 1542 1130 1630 dp·

129 1650 290 1732 φοτέρων.
319 1647 419 1710 τοῦδε
439 1641 475 1711 δὲ
495 1646 624 1710 εἵνεκεν
646 1646 813 1731 μέμνημαι
832 1644 964 1711 τούτων
981 1643 1149 1731 μούνωηΙ

127 1742 178 1812 ὅτι
194 1740 394 1829 Θεομήστωρ
409 1741 471 1827 μὲν
492 1738 546 1808 διά
561 1748 659 1810 τοῦτο
681 1739 717 1811 τό
735 1749 836 1829 ἔργον
849 1742 974 1828 Σάμου
988 1741 1116 1830 έτυράν

127 1859 226 1908 νευσε
241 1837 519 1926 καταστησάντων
532 1846 600 1906 τῶν
612 1843 789 1926 Περσέων,
812 1841 969 1919 Φύλακος
985 1842 1025 1910 δὲ
1042 1838 1130 1926 εὐερ

127 1943 222 2027 γέτης
234 1943 386 2027 βασιλέος
396 1937 570 2025 ἀνεγράφη
582 1941 636 2006 καὶ
647 1939 737 2025 χάρη
749 1944 783 2008 οἱ
792 1940 948 2028 ἐδωρήθη
963 1939 1087 2026 πολλή.
1104 1935 1130 2004 οἱ

129 2037 160 2106 δ’
191 2035 358 2124 εὐεργέται
383 2041 534 2126 βασιλέος
559 2036 742 2127 ὀροσάγγαι
765 2043 939 2109 καλέονται
962 2044 1128 2129 Περσιστί.

81 2154 117 2209 86
127 2139 212 2224 Περὶ
227 2139 289 2223 μέν
302 2163 368 2203 νυν
379 2137 518 2215 τούτους
530 2136 619 2204 οὕτω
634 2136 708 2224 εἶχε,
723 2135 760 2206 τὸ
773 2138 809 2206 δὲ
822 2147 953 2226 πλῆθος
964 2146 1038 2207 τῶν
1050 2144 1130 2208 νεῶν

129 2241 166 2306 ἐν
179 2245 219 2326 τῇ
230 2244 397 2322 Σαλαμῖνι
414 2237 612 2322 ἐκεραΐζετο,
637 2241 673 2304 αί
691 2238 752 2322 μὲν
766 2233 826 2304 ὑπ’
846 2235 1042 2322 Ἀθηναίων
1064 2241 1130 2305 δια-

128 2335 368 2424 φθειρόμεναι,
391 2338 427 2402 αί
440 2334 475 2400 δὲ
493 2331 560 2401 ὐπό
575 2338 792 2421 Αἰγινητέων.
827 2332 885 2402 άτε
899 2331 966 2419 γάρ
980 2341 1055 2402 τῶν
1074 2333 1130 2420 μέν

122 2432 291 2520 Ἑλλήνων
305 2428 370 2498 σύν
385 2431 498 2523 κόσμφ
515 2433 775 2518 ναυμαχεόντων
790 2429 874 2500 κατὰ
888 2431 993 2518 τάξιν,
1013 2438 1085 2499 τῶν
1099 2431 1131 2497 δὲ

3 2601 13 2614 ,
127 2529 310 2620 βαρβάρων
325 2526 367 2596 οὐ
387 2533 597 2617 τεταγμένων
613 2536 660 2600 ἔτι
676 2531 753 2598 οὐτε
771 2529 837 2599 σύν
856 2531 925 2622 νόῳ
943 2531 1131 2598 ποιεόντων

128 2625 246 2712 οὐδέν,
262 2631 375 2712 ἔμελλε
386 2630 517 2695 τοιοῦτό
529 2650 590 2715 σφι
601 2635 837 2715 συνοίσεσθαι,
854 2625 990 2713 οἷόνπερ
1016 2624 1130 2713 ἀπέβη.

129 2733 236 2794 καίτοι
250 2715 338 2811 ήσάυ
351 2751 389 2809 γε
409 2729 464 2794 καλ
486 2729 638 2814 ἐγένοντο
653 2730 779 2817 ταύτην
792 2725 855 2814 τήν
871 2726 1001 2816 ἡμέρην
1017 2733 1132 2817 μακρῷ

128 2823 303 2911 άμείνονες
319 2820 412 2890 αὐτοὶ
424 2823 591 2914 ἕωυτῶνή
602 2825 685 2912 πρὸς
698 2826 843 2918 Εὐβοίῃ,
859 2834 924 2908 πᾶς
934 2855 984 2906 τις
995 2839 1131 2914 προθυ·

127 2922 289 3010 μεόμενος
305 2921 360 2988 καὶ
375 2925 555 3007 δειμαίνων
569 2931 705 3012 Ξέρξην,
719 2928 834 2996 ἐδόκεέ
846 2955 882 2996 τε
894 2930 1035 3007 ἕκαστος
1050 2934 1132 2996 ε’ων-

78 3032 114 3087 ελ
126 3018 186 3090 τόν
203 3018 395 3107 θηήσεσθαι
410 3024 555 3106 βασιλέα.
586 3023 680 3092 Κατὰ
699 3026 761 3111 μὲν
778 3023 818 3112 δή
836 3023 915 3104 τούς
929 3022 1057 3106 άλλους
1072 3022 1133 3093 οὐκ

127 3127 189 3205 ἔχω
207 3119 437 3206 μετεξετέρους
451 3125 556 3188 εἰπεῖν
572 3119 735 3209 ἀτρεκέως
751 3121 795 3203 ὡς
815 3126 946 3192 ἕκαστοι
961 3130 1033 3191 τῶν
1050 3132 1133 3212 βαρ-

125 3218 242 3306 βάρων
257 3211 278 3302 ἢ
292 3221 360 3283 τῶν
368 3213 537 3304 Ἑλλήνων
549 3216 761 3306 ἠγωνίζοντο,
776 3218 859 3288 κατὰ
875 3224 911 3288 δὲ
921 3218 1132 3309 Ἀρτεμισίην

124 3316 204 3385 τάδε
220 3315 363 3401 ἐγένετο,
378 3312 435 3382 ὐπ’
450 3309 499 3382 τόν
513 3315 711 3405 εὐδοκίμησε
724 3325 853 3405 μᾶλλον
865 3323 911 3385 ἔτι
927 3315 1021 3405 παρά
1035 3327 1134 3406 βασι·

116 3411 190 3483 All·
211 3410 326 3500 ἐπειδή
342 3408 408 3500 γάρ
426 3415 458 3494 ές
471 3413 627 3504 θόρυβον
638 3412 766 3485 πολλόν
780 3414 915 3485 άπίκετο
926 3415 966 3485 τὰ
977 3417 1135 3502 βασιλέος
