2378 3840
142 185 184 249 44
519 185 769 242 HERODOTI

143 348 262 433 ἐστάλη
284 341 332 413 άυ
353 347 386 424 ἐς
407 341 566 430 Δελφούς
586 344 662 428 περὶ
681 341 797 429 γόυου.
833 341 964 409 ἐσιόντα
986 340 1023 409 δέ
1043 337 1146 409 αύτόν

142 444 276 535 ι’θέωςὴ
293 452 411 531 Πυθίη
425 444 668 530 προσαγορεύει
683 445 806 511 τοισίδε
819 454 904 509 τοῖσι
922 447 1032 510 ἐπεσι·

181 545 333 631 Ἠετίων,
349 543 440 623 ούτις
458 564 495 612 σε
510 552 571 612 τίει
586 543 767 612 πολύτιτον
781 541 885 610 ἐόντα

184 646 301 732 Λάβδα
318 643 409 730 κύει,
427 645 510 723 τέξει
524 639 557 709 δ’
578 639 807 726 ὀλοοίτροχον·
830 643 867 707 ἐν
877 643 914 707 δέ
925 655 1072 710 πεσεῖται
1093 704 1096 710 .

180 742 336 830 Ἀυδράσι
349 741 586 830 μουνάρχοισι,
609 737 779 808 δικαιώσει
796 736 833 804 δέ
848 736 1035 823 Κόρινθον.

140 851 245 912 ταῦτα
268 845 457 930 χρησθέντα
477 848 523 931 τῷ
547 838 697 908 Ἠετίωνι
723 837 953 922 ἐξαγγέλλεταί
970 861 1039 915 κως
1063 852 1146 906 τοῖσι

141 940 360 1028 Βακχιάδῃσι,
382 953 468 1006 τοῖσι
482 935 519 1005 τό
541 936 604 1024 μέν
618 935 784 1023 πρότερον
803 932 990 1019 γενόμενον
1003 935 1146 1022 χρηστή-

141 1062 217 1124 ριον
232 1039 264 1115 ἐς
278 1036 455 1121 Κόρινθον
468 1029 513 1123 ἦν
528 1034 675 1122 άσημον,
698 1034 804 1118 φέρου
818 1057 854 1098 τε
869 1033 901 1109 ἐς
915 1027 1022 1100 τύυτδ
1040 1035 1098 1101 καὶ
1111 1032 1144 1100 τδ

141 1141 203 1202 τού
214 1132 403 1219 Ἠετίωνος,
419 1136 474 1201 καὶ
490 1136 589 1219 λέγον
605 1124 686 1200 ὦδε·

182 1233 300 1314 Αίετδς
317 1236 354 1302 ἐν
369 1236 506 1322 πέτρῃσι
521 1234 612 1318 κύει,
631 1233 713 1312 τέξει
729 1231 766 1298 δὲ
780 1231 898 1298 λέοντα

183 1331 357 1419 Καρτερδν
372 1328 545 1419 ὠμηστήν·
562 1338 696 1399 πολλῶν
708 1327 739 1397 δ’
752 1327 820 1397 ύπό
835 1330 984 1416 γούνατα
1000 1330 1106 1398 λύσει.

186 1433 301 1501 Ταῦτά
314 1458 380 1500 νυν
397 1425 436 1499 εύ
454 1431 639 1518 φράζεσθε,
654 1436 850 1516 Κορίνθιοι,
874 1435 910 1497 οἳ
922 1431 998 1516 περὶ
1012 1428 1121 1517 καλὴν

182 1529 356 1616 Πειρήνην
371 1534 490 1597 οίκεϊτε
504 1530 560 1596 καὶ
574 1525 765 1614 ὀφρυόεντα
778 1528 964 1616 Κόρινθον.

117 1655 133 1709 3
146 1636 252 1698 Τοῦτο
268 1628 331 1715 μὲν
350 1626 390 1716 δη
406 1644 490 1697 τοῖσι
504 1627 708 1716 Βακχιάδῃσι
724 1628 889 1714 πρότερον
902 1627 1091 1717 γευόμενον
1105 1625 1142 1717 ἦν

18 1811 22 1819 ¹
141 1725 362 1814 άτέκμαρτον,
378 1726 453 1794 τότε
468 1727 504 1795 δέ
517 1723 555 1794 τό
567 1722 717 1794 Ἠετίωνι
732 1725 918 1812 γενόμενον
933 1725 978 1806 ὡς
993 1730 1145 1798 ἐπύθον-

139 1850 193 1910 το,
215 1821 333 1891 αὐτίκα
353 1827 408 1891 καὶ
428 1823 465 1891 τό
484 1823 648 1911 πρότερον
668 1829 821 1910 συνῆκαν
842 1820 899 1890 ἐόν
920 1823 1080 1918 συνφδδν
1101 1834 1144 1916 τῷ

137 1921 317 2014 Ἠετίωνος.
341 1923 497 2000 συνέντες
512 1922 615 1988 δὲκαὶ
632 1927 730 1986 τοῦτο
748 1918 836 2006 εἶχον
851 1922 888 1987 ἐν
905 1917 1045 2010 ἡσυχίῃ,
1068 1924 1143 1992 ἐθέ-

140 2029 253 2098 λοντες
269 2019 329 2087 τόν
343 2024 504 2105 μέλλοντα
521 2017 669 2086 Ἠετίωνι
691 2019 850 2103 γενέσθαι
864 2019 969 2105 γόνου
987 2025 1143 2108 διαφθεί-

140 2143 204 2205 ραι.
229 2115 273 2213 ᾡς
285 2120 320 2184 δέ
332 2121 421 2185 ἔτεκε
432 2114 453 2203 ἡ
464 2112 550 2204 γυνὴ
562 2117 715 2228 τάχιστα,
727 2118 894 2202 πέμπουσι
904 2121 1019 2204 σφέων
1031 2115 1141 2186 αύτάν

139 2218 218 2282 δέκα
233 2216 266 2294 ἐς
280 2213 341 2282 τόν
359 2219 481 2301 δῆμον,
500 2217 537 2282 ἐν
567 2219 613 2305 τῷ
643 2217 817 2297 κατοίκητο
832 2212 983 2303 Ἠετίων,
1000 2215 1139 2284 άποκτε-

136 2315 274 2390 νέοντας
290 2310 327 2380 τό
345 2318 489 2382 παιδίον.
513 2310 711 2400 άπικύμευοι
727 2315 763 2381 δέ
778 2306 874 2380 ούτοι
889 2316 922 2392 ἐς
936 2312 999 2400 τὴν
1008 2317 1138 2399 Πέτρην

136 2413 191 2478 καὶ
211 2410 439 2496 παρελθόντες
462 2414 494 2490 ἐς
508 2410 570 2497 τὴν
585 2407 693 2499 αύλην
706 2409 769 2499 τὴν
784 2409 958 2490 Ἠετίωνος
979 2421 1093 2480 αἴτεον
1104 2407 1134 2476 τό

136 2514 287 2578 παιδίον·
302 2507 323 2596 ἡ
337 2511 373 2578 δὲ
384 2511 503 2597 Λάβδα
515 2511 622 2578 είδυϊά
637 2536 672 2578 τε
687 2507 788 2578 ούδέυ
800 2516 868 2577 τῶν
881 2513 1010 2577 εἵνεκεν
1022 2511 1136 2578 ἐκεῖνοι

136 2605 309 2675 ἀπικοίατο
322 2610 376 2675 καί
388 2608 553 2676 δοκέουσά
564 2630 668 2695 σφεας
680 2606 935 2695 φιλοφροσύνης
945 2613 1007 2674 τού
1018 2604 1135 2694 πατρός

138 2708 266 2772 εἵνεκεν
285 2707 407 2772 αἰτέειν
422 2709 572 2792 φέρουσα
593 2711 769 2793 ἐνεχείρισε
790 2702 903 2772 αὐτῶν
917 2707 976 2773 έυί.
1005 2719 1092 2774 τοίσι
1104 2703 1135 2770 δὲ

138 2803 202 2887 άρα
218 2801 435 2887 ἐβεβούλευτο
450 2800 524 2871 κατ’
541 2801 624 2871 ὁδόν
639 2800 699 2870 τόν
713 2809 848 2888 πρῶτον
865 2801 978 2870 αὐτῶν
994 2804 1134 2892 λαβόντα

137 2899 173 2968 τό
195 2904 332 2966 παιδίου
350 2906 579 2988 προσουδίσαι.
624 2905 731 2970 ἐπείτε
759 2894 808 2967 ύν
825 2906 928 2970 ἔδωκε
948 2895 1132 2989 φέρουσαὴ

137 2999 265 3084 Λάβδα,
273 2995 334 3064 τόν
346 2998 492 3085 λαβόντα
505 3007 573 3068 τῶν
585 2998 721 3084 ἀνδρῶν
733 3006 810 3088 θείῃ
823 3000 906 3088 τύχῃ
918 3004 1134 3088 προσεγέλασε

136 3095 172 3163 τὸ
195 3099 347 3183 παιδίον,
371 3101 426 3165 καὶ
446 3095 507 3166 τόν
528 3090 725 3188 φρασθέντα
745 3105 844 3166 τοῦτο
859 3099 968 3178 οἶκτός
987 3122 1039 3178 τις
1059 3106 1133 3184 ἴσχει

135 3190 344 3278 ἀποκτείναι,
362 3203 589 3283 κατοικτείρας
602 3197 638 3264 δὲ
652 3200 833 3290 παραδιδοῖ
844 3203 889 3287 τῷ
902 3199 1060 3290 δευτέρῳ,
1074 3190 1133 3264 ὁδδ

134 3299 180 3383 τῷ
195 3298 302 3384 τρίτφ.
321 3291 410 3361 οὕτω
422 3296 458 3362 δὲ
470 3300 624 3380 διεξῆλθε
637 3292 692 3362 διά
705 3294 843 3361 πάντων
857 3301 925 3378 τῶν
938 3294 1020 3361 δέκα
1033 3315 1133 3380 παρα·

135 3389 315 3475 διδόμενον
329 3388 470 3471 ούδενδς
488 3395 699 3480 βουλομένου
717 3392 969 3478 διεργάσασθαι.
993 3389 1133 3461 άποδον·
