<?xml version="1.0" encoding="UTF-8"?>
<!DOCTYPE html PUBLIC "-//W3C//DTD XHTML 1.0 Transitional//EN"
    "http://www.w3.org/TR/xhtml1/DTD/xhtml1-transitional.dtd">
<html xmlns="http://www.w3.org/1999/xhtml" xml:lang="en" lang="en">
 <head>
  <title>
</title>
<meta http-equiv="Content-Type" content="text/html;charset=utf-8" />
  <meta name='ocr-system' content='tesseract 3.04.00' />
  <meta name='ocr-capabilities' content='ocr_page ocr_carea ocr_par ocr_line ocrx_word'/>
</head>
<body>
  <div class='ocr_page' id='page_1' title='image "./herodotihistori01herogoog_0351.png"; bbox 0 0 2378 3840; ppageno 0'>
   <div class='ocr_carea' id='block_1_1' title="bbox 125 157 815 276">
    <p class='ocr_par' dir='ltr' id='par_1_1' title="bbox 125 157 815 276">
     <span class='ocr_line' id='line_1_1' title="bbox 125 157 815 276; baseline -0.009 -24"><span class='ocrx_word' id='word_1_1' title='bbox 125 189 188 252; x_wconf 78' lang='grc' dir='ltr'><strong><em>σεο</em></strong></span> <span class='ocrx_word' id='word_1_2' title='bbox 411 157 412 160; x_wconf 5' lang='grc' dir='ltr'>Ὺ</span> <span class='ocrx_word' id='word_1_3' title='bbox 496 188 762 276; x_wconf 70' lang='lat' dir='ltr'><strong>nmmum</strong></span> <span class='ocrx_word' id='word_1_4' title='bbox 813 263 815 267; x_wconf 66' lang='lat'>,</span> 
     </span>
    </p>
   </div>
   <div class='ocr_carea' id='block_1_2' title="bbox 47 346 1143 3500">
    <p class='ocr_par' dir='ltr' id='par_1_2' title="bbox 47 346 1143 3500">
     <span class='ocr_line' id='line_1_2' title="bbox 122 346 1137 436; baseline -0.001 -19"><span class='ocrx_word' id='word_1_5' title='bbox 122 347 160 417; x_wconf 85' lang='grc' dir='ltr'><strong><em>τό</em></strong></span> <span class='ocrx_word' id='word_1_6' title='bbox 171 350 234 435; x_wconf 73' lang='grc' dir='ltr'><strong><em>μὲν</em></strong></span> <span class='ocrx_word' id='word_1_7' title='bbox 247 346 396 417; x_wconf 77' lang='grc' dir='ltr'><strong><em>εὐνοέειν</em></strong></span> <span class='ocrx_word' id='word_1_8' title='bbox 406 373 441 415; x_wconf 87' lang='grc' dir='ltr'><strong><em>τε</em></strong></span> <span class='ocrx_word' id='word_1_9' title='bbox 453 350 508 415; x_wconf 85' lang='grc' dir='ltr'><strong><em>καί</em></strong></span> <span class='ocrx_word' id='word_1_10' title='bbox 522 355 674 436; x_wconf 81' lang='grc' dir='ltr'><strong><em>προορᾶν</em></strong></span> <span class='ocrx_word' id='word_1_11' title='bbox 685 347 814 433; x_wconf 85' lang='grc' dir='ltr'><strong><em>ἀγαμαί</em></strong></span> <span class='ocrx_word' id='word_1_12' title='bbox 820 369 891 434; x_wconf 85' lang='grc' dir='ltr'><strong><em>σευ,</em></strong></span> <span class='ocrx_word' id='word_1_13' title='bbox 902 348 1043 435; x_wconf 84' lang='grc' dir='ltr'><strong><em>γνύμης</em></strong></span> <span class='ocrx_word' id='word_1_14' title='bbox 1052 350 1137 434; x_wconf 82' lang='grc' dir='ltr'><strong><em>μέν·</em></strong></span> 
     </span>
     <span class='ocr_line' id='line_1_3' title="bbox 122 443 1138 537; baseline -0.004 -18"><span class='ocrx_word' id='word_1_15' title='bbox 122 475 173 519; x_wconf 80' lang='grc' dir='ltr'><strong><em>τοι,</em></strong></span> <span class='ocrx_word' id='word_1_16' title='bbox 187 445 379 537; x_wconf 73' lang='grc' dir='ltr'><em>ἡμάρτηκας</em></span> <span class='ocrx_word' id='word_1_17' title='bbox 394 453 545 535; x_wconf 81' lang='grc' dir='ltr'><strong><em>χρηστῆς.</em></strong></span> <span class='ocrx_word' id='word_1_18' title='bbox 578 452 726 534; x_wconf 78' lang='grc' dir='ltr'><strong><em>ἐξαείρας</em></strong></span> <span class='ocrx_word' id='word_1_19' title='bbox 744 446 810 534; x_wconf 90' lang='grc' dir='ltr'><strong><em>γάρ</em></strong></span> <span class='ocrx_word' id='word_1_20' title='bbox 825 471 867 532; x_wconf 89' lang='grc' dir='ltr'><strong><em>με</em></strong></span> <span class='ocrx_word' id='word_1_21' title='bbox 887 443 980 528; x_wconf 80' lang='grc' dir='ltr'><strong><em>ὑφού</em></strong></span> <span class='ocrx_word' id='word_1_22' title='bbox 993 450 1053 514; x_wconf 89' lang='grc' dir='ltr'><strong><em>καί</em></strong></span> <span class='ocrx_word' id='word_1_23' title='bbox 1071 447 1138 534; x_wconf 83' lang='grc' dir='ltr'><strong><em>τήν</em></strong></span> 
     </span>
     <span class='ocr_line' id='line_1_4' title="bbox 123 543 1137 634; baseline -0.002 -20"><span class='ocrx_word' id='word_1_24' title='bbox 123 547 253 633; x_wconf 88' lang='grc' dir='ltr'><strong><em>πάτρην</em></strong></span> <span class='ocrx_word' id='word_1_25' title='bbox 268 548 324 614; x_wconf 90' lang='grc' dir='ltr'><strong><em>καί</em></strong></span> <span class='ocrx_word' id='word_1_26' title='bbox 337 543 375 613; x_wconf 85' lang='grc' dir='ltr'><strong><em>τό</em></strong></span> <span class='ocrx_word' id='word_1_27' title='bbox 384 551 508 634; x_wconf 65' lang='grc' dir='ltr'><strong><em>ἔργον,</em></strong></span> <span class='ocrx_word' id='word_1_28' title='bbox 524 549 558 626; x_wconf 89' lang='grc' dir='ltr'><strong><em>ἐς</em></strong></span> <span class='ocrx_word' id='word_1_29' title='bbox 570 545 607 614; x_wconf 90' lang='grc' dir='ltr'>τό</span> <span class='ocrx_word' id='word_1_30' title='bbox 624 547 920 632; x_wconf 77' lang='grc' dir='ltr'><strong><em>μηδένκατέβαλες</em></strong></span> <span class='ocrx_word' id='word_1_31' title='bbox 936 548 1137 629; x_wconf 78' lang='grc' dir='ltr'><strong><em>παραινέων</em></strong></span> 
     </span>
     <span class='ocr_line' id='line_1_5' title="bbox 123 640 1137 735; baseline -0.001 -23"><span class='ocrx_word' id='word_1_32' title='bbox 123 649 231 735; x_wconf 76' lang='grc' dir='ltr'><strong><em>νεκρῷ</em></strong></span> <span class='ocrx_word' id='word_1_33' title='bbox 244 648 485 731; x_wconf 86' lang='grc' dir='ltr'><strong><em>λυμαίνεσθαι,</em></strong></span> <span class='ocrx_word' id='word_1_34' title='bbox 507 647 563 713; x_wconf 89' lang='grc' dir='ltr'><strong><em>καί</em></strong></span> <span class='ocrx_word' id='word_1_35' title='bbox 577 640 622 731; x_wconf 87' lang='grc' dir='ltr'><strong><em>ήυ</em></strong></span> <span class='ocrx_word' id='word_1_36' title='bbox 641 649 746 710; x_wconf 81' lang='grc' dir='ltr'><strong><em>ταῦτα</em></strong></span> <span class='ocrx_word' id='word_1_37' title='bbox 763 643 883 728; x_wconf 88' lang='grc' dir='ltr'><strong><em>ποιέω,</em></strong></span> <span class='ocrx_word' id='word_1_38' title='bbox 906 641 974 729; x_wconf 86' lang='grc' dir='ltr'><strong><em>φάς</em></strong></span> <span class='ocrx_word' id='word_1_39' title='bbox 988 643 1137 729; x_wconf 86' lang='grc' dir='ltr'><strong><em>ἀμειυόν</em></strong></span> 
     </span>
     <span class='ocr_line' id='line_1_6' title="bbox 122 740 1136 831; baseline -0.001 -21"><span class='ocrx_word' id='word_1_40' title='bbox 122 769 164 830; x_wconf 86' lang='grc' dir='ltr'><strong><em>με</em></strong></span> <span class='ocrx_word' id='word_1_41' title='bbox 185 740 401 810; x_wconf 88' lang='grc' dir='ltr'><strong><em>ἀκούσεσθαι.</em></strong></span> <span class='ocrx_word' id='word_1_42' title='bbox 437 740 615 831; x_wconf 86' lang='grc' dir='ltr'><strong><em>τάπρέπει</em></strong></span> <span class='ocrx_word' id='word_1_43' title='bbox 634 749 763 828; x_wconf 80' lang='grc' dir='ltr'><strong><em>μᾶλλον</em></strong></span> <span class='ocrx_word' id='word_1_44' title='bbox 782 740 982 828; x_wconf 84' lang='grc' dir='ltr'><strong><em>βαρβάροισι</em></strong></span> <span class='ocrx_word' id='word_1_45' title='bbox 1001 746 1136 811; x_wconf 81' lang='grc' dir='ltr'><strong><em>ποιέειν</em></strong></span> 
     </span>
     <span class='ocr_line' id='line_1_7' title="bbox 121 835 1137 928; baseline 0.003 -22"><span class='ocrx_word' id='word_1_46' title='bbox 121 837 206 928; x_wconf 77' lang='grc' dir='ltr'><strong><em>ἤπερ</em></strong></span> <span class='ocrx_word' id='word_1_47' title='bbox 213 836 364 924; x_wconf 82' lang='grc' dir='ltr'><strong><em>Ἕλλησι·</em></strong></span> <span class='ocrx_word' id='word_1_48' title='bbox 383 841 440 909; x_wconf 89' lang='grc' dir='ltr'><strong><em>καί</em></strong></span> <span class='ocrx_word' id='word_1_49' title='bbox 453 842 611 909; x_wconf 76' lang='grc' dir='ltr'><strong><em>ἐκείνοισι</em></strong></span> <span class='ocrx_word' id='word_1_50' title='bbox 622 843 659 909; x_wconf 79' lang='grc' dir='ltr'><strong><em>δὲ</em></strong></span> <span class='ocrx_word' id='word_1_51' title='bbox 671 842 929 925; x_wconf 75' lang='grc' dir='ltr'><strong><em>ἐπιφθονέομεν.</em></strong></span> <span class='ocrx_word' id='word_1_52' title='bbox 952 837 1017 926; x_wconf 76' lang='grc' dir='ltr'><strong><em>ἐγω</em></strong></span> <span class='ocrx_word' id='word_1_53' title='bbox 1034 838 1068 908; x_wconf 88' lang='grc' dir='ltr'><strong><em>δ’</em></strong></span> <span class='ocrx_word' id='word_1_54' title='bbox 1085 835 1137 909; x_wconf 78' lang='grc' dir='ltr'><strong><em>όν</em></strong></span> 
     </span>
     <span class='ocr_line' id='line_1_8' title="bbox 121 937 1134 1028; baseline 0 -20"><span class='ocrx_word' id='word_1_55' title='bbox 121 938 245 1008; x_wconf 90' lang='grc' dir='ltr'><strong><em>τούτου</em></strong></span> <span class='ocrx_word' id='word_1_56' title='bbox 260 941 390 1007; x_wconf 81' lang='grc' dir='ltr'><strong><em>εἵνεκεν</em></strong></span> <span class='ocrx_word' id='word_1_57' title='bbox 399 939 481 1026; x_wconf 88' lang='grc' dir='ltr'><strong><em>μήτε</em></strong></span> <span class='ocrx_word' id='word_1_58' title='bbox 491 941 690 1028; x_wconf 76' lang='grc' dir='ltr'><strong><em>Αἰγινήτῃσι</em></strong></span> <span class='ocrx_word' id='word_1_59' title='bbox 704 937 818 1025; x_wconf 80' lang='grc' dir='ltr'><strong><em>ἅδοιμι</em></strong></span> <span class='ocrx_word' id='word_1_60' title='bbox 828 939 910 1025; x_wconf 86' lang='grc' dir='ltr'><strong><em>μήτε</em></strong></span> <span class='ocrx_word' id='word_1_61' title='bbox 923 953 1010 1006; x_wconf 85' lang='grc' dir='ltr'><strong><em>τοῖσι</em></strong></span> <span class='ocrx_word' id='word_1_62' title='bbox 1024 937 1134 1008; x_wconf 82' lang='grc' dir='ltr'><strong><em>ταύτά</em></strong></span> 
     </span>
     <span class='ocr_line' id='line_1_9' title="bbox 123 1033 1136 1127; baseline 0.001 -21"><span class='ocrx_word' id='word_1_63' title='bbox 123 1035 306 1124; x_wconf 92' lang='grc' dir='ltr'><strong><em>ἀρέσκεται,</em></strong></span> <span class='ocrx_word' id='word_1_64' title='bbox 322 1033 451 1127; x_wconf 78' lang='grc' dir='ltr'><strong><em>ἀποχρᾷ</em></strong></span> <span class='ocrx_word' id='word_1_65' title='bbox 462 1041 503 1108; x_wconf 91' lang='grc' dir='ltr'><strong><em>δέ</em></strong></span> <span class='ocrx_word' id='word_1_66' title='bbox 509 1065 567 1125; x_wconf 87' lang='grc' dir='ltr'><strong><em>μοι</em></strong></span> <span class='ocrx_word' id='word_1_67' title='bbox 573 1035 803 1125; x_wconf 88' lang='grc' dir='ltr'><strong><em>Σπαρτιήτῃσι</em></strong></span> <span class='ocrx_word' id='word_1_68' title='bbox 813 1033 1043 1123; x_wconf 78' lang='grc' dir='ltr'><strong><em>ἀρεσκόμενον</em></strong></span> <span class='ocrx_word' id='word_1_69' title='bbox 1054 1035 1136 1107; x_wconf 85' lang='grc' dir='ltr'><strong><em>ὅσια</em></strong></span> 
     </span>
     <span class='ocr_line' id='line_1_10' title="bbox 122 1133 1137 1226; baseline 0.001 -24"><span class='ocrx_word' id='word_1_70' title='bbox 122 1139 186 1224; x_wconf 67' lang='grc' dir='ltr'><strong><em>μὲν</em></strong></span> <span class='ocrx_word' id='word_1_71' title='bbox 199 1139 342 1225; x_wconf 83' lang='grc' dir='ltr'><strong><em>ποιέειν,</em></strong></span> <span class='ocrx_word' id='word_1_72' title='bbox 357 1133 434 1204; x_wconf 83' lang='grc' dir='ltr'><strong><em>ὅσια</em></strong></span> <span class='ocrx_word' id='word_1_73' title='bbox 448 1137 484 1204; x_wconf 77' lang='grc' dir='ltr'><strong><em>δὲ</em></strong></span> <span class='ocrx_word' id='word_1_74' title='bbox 500 1140 557 1205; x_wconf 89' lang='grc' dir='ltr'><strong><em>καί</em></strong></span> <span class='ocrx_word' id='word_1_75' title='bbox 570 1141 690 1222; x_wconf 87' lang='grc' dir='ltr'><strong><em>λέγειν.</em></strong></span> <span class='ocrx_word' id='word_1_76' title='bbox 712 1139 865 1224; x_wconf 88' lang='grc' dir='ltr'><strong><em>Λεωνίδῃ</em></strong></span> <span class='ocrx_word' id='word_1_77' title='bbox 882 1136 935 1220; x_wconf 76' lang='grc' dir='ltr'><strong><em>δέ,</em></strong></span> <span class='ocrx_word' id='word_1_78' title='bbox 954 1141 1001 1226; x_wconf 75' lang='grc' dir='ltr'><strong><em>τῷ</em></strong></span> <span class='ocrx_word' id='word_1_79' title='bbox 1016 1161 1059 1221; x_wconf 88' lang='grc' dir='ltr'><strong><em>με</em></strong></span> <span class='ocrx_word' id='word_1_80' title='bbox 1078 1161 1137 1203; x_wconf 91' lang='grc' dir='ltr'><strong><em>κε-</em></strong></span> 
     </span>
     <span class='ocr_line' id='line_1_11' title="bbox 123 1233 1140 1323; baseline -0.003 -20"><span class='ocrx_word' id='word_1_81' title='bbox 123 1234 232 1311; x_wconf 85' lang='grc' dir='ltr'><strong><em>λεύεις</em></strong></span> <span class='ocrx_word' id='word_1_82' title='bbox 246 1239 446 1322; x_wconf 81' lang='grc' dir='ltr'><strong><em>τιμωρῆσαι,</em></strong></span> <span class='ocrx_word' id='word_1_83' title='bbox 462 1238 548 1321; x_wconf 84' lang='grc' dir='ltr'><strong><em>φημὶ</em></strong></span> <span class='ocrx_word' id='word_1_84' title='bbox 563 1233 715 1321; x_wconf 88' lang='grc' dir='ltr'><strong><em>μεγάλως</em></strong></span> <span class='ocrx_word' id='word_1_85' title='bbox 730 1238 987 1321; x_wconf 83' lang='grc' dir='ltr'><strong><em>τετιμωρῆσθαι,</em></strong></span> <span class='ocrx_word' id='word_1_86' title='bbox 1006 1240 1140 1323; x_wconf 72' lang='grc' dir='ltr'><strong><em>ψυχῇσί</em></strong></span> 
     </span>
     <span class='ocr_line' id='line_1_12' title="bbox 123 1329 1140 1423; baseline -0.001 -23"><span class='ocrx_word' id='word_1_87' title='bbox 123 1358 159 1400; x_wconf 92' lang='grc' dir='ltr'><strong><em>τε</em></strong></span> <span class='ocrx_word' id='word_1_88' title='bbox 179 1336 254 1419; x_wconf 82' lang='grc' dir='ltr'><strong><em>τήσι</em></strong></span> <span class='ocrx_word' id='word_1_89' title='bbox 269 1336 374 1400; x_wconf 79' lang='grc' dir='ltr'><strong><em>τῶνδε</em></strong></span> <span class='ocrx_word' id='word_1_90' title='bbox 394 1329 655 1421; x_wconf 78' lang='grc' dir='ltr'><strong><em>ἀναριθμήτοισι</em></strong></span> <span class='ocrx_word' id='word_1_91' title='bbox 673 1338 841 1423; x_wconf 89' lang='grc' dir='ltr'><strong><em>τετίμηται</em></strong></span> <span class='ocrx_word' id='word_1_92' title='bbox 854 1329 957 1411; x_wconf 88' lang='grc' dir='ltr'><strong><em>αύτός</em></strong></span> <span class='ocrx_word' id='word_1_93' title='bbox 971 1357 1009 1400; x_wconf 90' lang='grc' dir='ltr'><strong><em>τε</em></strong></span> <span class='ocrx_word' id='word_1_94' title='bbox 1029 1334 1090 1400; x_wconf 80' lang='grc' dir='ltr'><strong><em>καὶ</em></strong></span> <span class='ocrx_word' id='word_1_95' title='bbox 1105 1335 1140 1399; x_wconf 81' lang='grc' dir='ltr'><strong><em>οἱ</em></strong></span> 
     </span>
     <span class='ocr_line' id='line_1_13' title="bbox 123 1426 1137 1519; baseline 0.001 -24"><span class='ocrx_word' id='word_1_96' title='bbox 123 1426 219 1496; x_wconf 85' lang='grc' dir='ltr'><strong><em>ἀλλοι</em></strong></span> <span class='ocrx_word' id='word_1_97' title='bbox 234 1433 268 1497; x_wconf 90' lang='grc' dir='ltr'><strong><em>οἰ</em></strong></span> <span class='ocrx_word' id='word_1_98' title='bbox 286 1431 325 1497; x_wconf 84' lang='grc' dir='ltr'><strong><em>έν</em></strong></span> <span class='ocrx_word' id='word_1_99' title='bbox 339 1430 577 1519; x_wconf 74' lang='grc' dir='ltr'><strong><em>Θερμοπύλῃσι</em></strong></span> <span class='ocrx_word' id='word_1_100' title='bbox 594 1429 860 1516; x_wconf 78' lang='grc' dir='ltr'><strong><em>τελευτήσαντες.</em></strong></span> <span class='ocrx_word' id='word_1_101' title='bbox 887 1426 931 1498; x_wconf 85' lang='grc' dir='ltr'><strong><em>σύ</em></strong></span> <span class='ocrx_word' id='word_1_102' title='bbox 953 1429 1073 1516; x_wconf 89' lang='grc' dir='ltr'><strong><em>μέντοι</em></strong></span> <span class='ocrx_word' id='word_1_103' title='bbox 1089 1434 1137 1497; x_wconf 75' lang='grc' dir='ltr'><strong><em>ἔτι</em></strong></span> 
     </span>
     <span class='ocr_line' id='line_1_14' title="bbox 124 1526 1137 1618; baseline 0.002 -24"><span class='ocrx_word' id='word_1_104' title='bbox 124 1532 208 1613; x_wconf 76' lang='grc' dir='ltr'><strong><em>ἔχων</em></strong></span> <span class='ocrx_word' id='word_1_105' title='bbox 227 1526 331 1613; x_wconf 90' lang='grc' dir='ltr'><strong><em>λόγου</em></strong></span> <span class='ocrx_word' id='word_1_106' title='bbox 347 1529 478 1596; x_wconf 89' lang='grc' dir='ltr'><strong><em>τοιόνδε</em></strong></span> <span class='ocrx_word' id='word_1_107' title='bbox 499 1530 581 1616; x_wconf 89' lang='grc' dir='ltr'><strong><em>μήτε</em></strong></span> <span class='ocrx_word' id='word_1_108' title='bbox 602 1531 793 1618; x_wconf 87' lang='grc' dir='ltr'><strong><em>προσέλθῃς</em></strong></span> <span class='ocrx_word' id='word_1_109' title='bbox 809 1534 922 1615; x_wconf 80' lang='grc' dir='ltr'><strong><em>ἔμοιγε</em></strong></span> <span class='ocrx_word' id='word_1_110' title='bbox 941 1527 1024 1615; x_wconf 90' lang='grc' dir='ltr'><strong><em>μήτε</em></strong></span> <span class='ocrx_word' id='word_1_111' title='bbox 1044 1548 1137 1615; x_wconf 90' lang='grc' dir='ltr'><strong><em>συμ-</em></strong></span> 
     </span>
     <span class='ocr_line' id='line_1_15' title="bbox 125 1626 819 1715; baseline 0 -20"><span class='ocrx_word' id='word_1_112' title='bbox 125 1627 327 1715; x_wconf 81' lang='grc' dir='ltr'><strong><em>βουλεύσῃς,</em></strong></span> <span class='ocrx_word' id='word_1_113' title='bbox 341 1629 442 1714; x_wconf 91' lang='grc' dir='ltr'><strong><em>χάριν</em></strong></span> <span class='ocrx_word' id='word_1_114' title='bbox 455 1655 491 1698; x_wconf 89' lang='grc' dir='ltr'><strong><em>τε</em></strong></span> <span class='ocrx_word' id='word_1_115' title='bbox 506 1638 580 1697; x_wconf 88' lang='grc' dir='ltr'><strong><em>ἰσθι</em></strong></span> <span class='ocrx_word' id='word_1_116' title='bbox 595 1626 819 1714; x_wconf 76' lang='grc' dir='ltr'><strong><em>έάνάπαθής.</em></strong></span> 
     </span>
     <span class='ocr_line' id='line_1_16' title="bbox 77 1724 1136 1813; baseline 0.001 -20"><span class='ocrx_word' id='word_1_117' title='bbox 77 1749 112 1802; x_wconf 79' lang='grc' dir='ltr'><strong><em>ςι)</em></strong></span> <span class='ocrx_word' id='word_1_118' title='bbox 204 1724 241 1793; x_wconf 86' lang='grc' dir='ltr'><strong><em>Ὁ</em></strong></span> <span class='ocrx_word' id='word_1_119' title='bbox 256 1724 319 1812; x_wconf 72' lang='grc' dir='ltr'><strong><em>μέν</em></strong></span> <span class='ocrx_word' id='word_1_120' title='bbox 331 1733 436 1795; x_wconf 82' lang='grc' dir='ltr'><strong><em>ταῦτα</em></strong></span> <span class='ocrx_word' id='word_1_121' title='bbox 450 1724 598 1807; x_wconf 89' lang='grc' dir='ltr'><strong><em>ἀκούσας</em></strong></span> <span class='ocrx_word' id='word_1_122' title='bbox 611 1725 858 1813; x_wconf 79' lang='grc' dir='ltr'><strong><em>ἀπαλλάσσετο,</em></strong></span> <span class='ocrx_word' id='word_1_123' title='bbox 882 1733 1086 1812; x_wconf 85' lang='grc' dir='ltr'><strong><em>Παυσανίης</em></strong></span> <span class='ocrx_word' id='word_1_124' title='bbox 1102 1727 1136 1794; x_wconf 74' lang='grc' dir='ltr'><strong><em>δὲ</em></strong></span> 
     </span>
     <span class='ocr_line' id='line_1_17' title="bbox 125 1823 1133 1915; baseline -0.003 -20"><span class='ocrx_word' id='word_1_125' title='bbox 125 1825 280 1915; x_wconf 85' lang='grc' dir='ltr'><strong><em>κήρυγμα</em></strong></span> <span class='ocrx_word' id='word_1_126' title='bbox 293 1825 518 1912; x_wconf 78' lang='grc' dir='ltr'><strong><em>ποιησάμενος</em></strong></span> <span class='ocrx_word' id='word_1_127' title='bbox 529 1827 658 1912; x_wconf 89' lang='grc' dir='ltr'><strong><em>μηδένα</em></strong></span> <span class='ocrx_word' id='word_1_128' title='bbox 674 1823 840 1893; x_wconf 80' lang='grc' dir='ltr'><strong><em>ἅπτεσθαι</em></strong></span> <span class='ocrx_word' id='word_1_129' title='bbox 851 1831 910 1912; x_wconf 79' lang='grc' dir='ltr'><strong><em>τῆς</em></strong></span> <span class='ocrx_word' id='word_1_130' title='bbox 924 1831 1031 1911; x_wconf 87' lang='grc' dir='ltr'><strong><em>ληίης,</em></strong></span> <span class='ocrx_word' id='word_1_131' title='bbox 1049 1845 1133 1910; x_wconf 90' lang='grc' dir='ltr'><strong><em>συγ-</em></strong></span> 
     </span>
     <span class='ocr_line' id='line_1_18' title="bbox 47 1918 1135 2011; baseline -0.005 -19"><span class='ocrx_word' id='word_1_132' title='bbox 47 1989 56 1999; x_wconf 74' lang='grc'><em>,</em></span> <span class='ocrx_word' id='word_1_133' title='bbox 124 1929 271 2011; x_wconf 70' lang='grc' dir='ltr'><strong><em>κομίζειν</em></strong></span> <span class='ocrx_word' id='word_1_134' title='bbox 285 1924 437 1992; x_wconf 89' lang='grc' dir='ltr'><strong><em>ἐκέλευσε</em></strong></span> <span class='ocrx_word' id='word_1_135' title='bbox 447 1921 527 2002; x_wconf 81' lang='grc' dir='ltr'><strong><em>τούς</em></strong></span> <span class='ocrx_word' id='word_1_136' title='bbox 537 1927 673 2002; x_wconf 82' lang='grc' dir='ltr'><strong><em>εἵλωτας</em></strong></span> <span class='ocrx_word' id='word_1_137' title='bbox 687 1920 729 1990; x_wconf 88' lang='grc' dir='ltr'><strong><em>τά</em></strong></span> <span class='ocrx_word' id='word_1_138' title='bbox 742 1922 901 2008; x_wconf 89' lang='grc' dir='ltr'><strong><em>χρήματα.</em></strong></span> <span class='ocrx_word' id='word_1_139' title='bbox 924 1926 958 1990; x_wconf 85' lang='grc' dir='ltr'><strong><em>οἰ</em></strong></span> <span class='ocrx_word' id='word_1_140' title='bbox 967 1922 1004 1989; x_wconf 76' lang='grc' dir='ltr'><strong><em>δέ</em></strong></span> <span class='ocrx_word' id='word_1_141' title='bbox 1016 1918 1088 1989; x_wconf 87' lang='grc' dir='ltr'><strong><em>ἀνά</em></strong></span> <span class='ocrx_word' id='word_1_142' title='bbox 1100 1918 1135 1988; x_wconf 84' lang='grc' dir='ltr'><strong><em>τό</em></strong></span> 
     </span>
     <span class='ocr_line' id='line_1_19' title="bbox 125 2020 1138 2112; baseline 0 -21"><span class='ocrx_word' id='word_1_143' title='bbox 125 2022 350 2109; x_wconf 85' lang='grc' dir='ltr'><strong><em>στρατόπεδον</em></strong></span> <span class='ocrx_word' id='word_1_144' title='bbox 365 2026 582 2111; x_wconf 80' lang='grc' dir='ltr'><strong><em>σκιδνάμενοι</em></strong></span> <span class='ocrx_word' id='word_1_145' title='bbox 594 2022 753 2112; x_wconf 78' lang='grc' dir='ltr'><strong><em>εὕρισκον</em></strong></span> <span class='ocrx_word' id='word_1_146' title='bbox 766 2020 891 2110; x_wconf 80' lang='grc' dir='ltr'><strong><em>σκηνάς</em></strong></span> <span class='ocrx_word' id='word_1_147' title='bbox 907 2043 1138 2092; x_wconf 87' lang='grc' dir='ltr'><strong><em>κατεσκευασ-</em></strong></span> 
     </span>
     <span class='ocr_line' id='line_1_20' title="bbox 124 2119 1140 2213; baseline -0.001 -22"><span class='ocrx_word' id='word_1_148' title='bbox 124 2125 226 2209; x_wconf 86' lang='grc' dir='ltr'><strong><em>μένας</em></strong></span> <span class='ocrx_word' id='word_1_149' title='bbox 236 2129 348 2212; x_wconf 74' lang='grc' dir='ltr'><strong><em>χρυσῷ</em></strong></span> <span class='ocrx_word' id='word_1_150' title='bbox 359 2127 415 2192; x_wconf 92' lang='grc' dir='ltr'><strong><em>καί</em></strong></span> <span class='ocrx_word' id='word_1_151' title='bbox 427 2121 576 2213; x_wconf 87' lang='grc' dir='ltr'><strong><em>ἀργύρφ,</em></strong></span> <span class='ocrx_word' id='word_1_152' title='bbox 583 2129 698 2200; x_wconf 84' lang='grc' dir='ltr'><strong><em>κλίνας</em></strong></span> <span class='ocrx_word' id='word_1_153' title='bbox 708 2146 744 2188; x_wconf 90' lang='grc' dir='ltr'><strong><em>τε</em></strong></span> <span class='ocrx_word' id='word_1_154' title='bbox 752 2119 953 2207; x_wconf 76' lang='grc' dir='ltr'><strong><em>ἐπιχρύσους</em></strong></span> <span class='ocrx_word' id='word_1_155' title='bbox 962 2125 1019 2188; x_wconf 90' lang='grc' dir='ltr'><strong><em>καί</em></strong></span> <span class='ocrx_word' id='word_1_156' title='bbox 1029 2125 1140 2210; x_wconf 83' lang='grc' dir='ltr'><strong><em>ἐπαρ-</em></strong></span> 
     </span>
     <span class='ocr_line' id='line_1_21' title="bbox 125 2219 1138 2309; baseline -0.001 -21"><span class='ocrx_word' id='word_1_157' title='bbox 125 2220 268 2309; x_wconf 87' lang='grc' dir='ltr'><strong><em>γύρονς,</em></strong></span> <span class='ocrx_word' id='word_1_158' title='bbox 289 2223 457 2309; x_wconf 83' lang='grc' dir='ltr'><strong><em>κρητῆράς</em></strong></span> <span class='ocrx_word' id='word_1_159' title='bbox 476 2248 512 2290; x_wconf 88' lang='grc' dir='ltr'><strong><em>τε</em></strong></span> <span class='ocrx_word' id='word_1_160' title='bbox 526 2224 688 2308; x_wconf 87' lang='grc' dir='ltr'><strong><em>χρυσέους</em></strong></span> <span class='ocrx_word' id='word_1_161' title='bbox 709 2221 764 2287; x_wconf 90' lang='grc' dir='ltr'><strong><em>καί</em></strong></span> <span class='ocrx_word' id='word_1_162' title='bbox 784 2219 907 2305; x_wconf 87' lang='grc' dir='ltr'><strong><em>φιάλας</em></strong></span> <span class='ocrx_word' id='word_1_163' title='bbox 926 2244 962 2286; x_wconf 90' lang='grc' dir='ltr'><strong><em>τε</em></strong></span> <span class='ocrx_word' id='word_1_164' title='bbox 977 2222 1035 2287; x_wconf 91' lang='grc' dir='ltr'><strong><em>καί</em></strong></span> <span class='ocrx_word' id='word_1_165' title='bbox 1051 2219 1138 2290; x_wconf 88' lang='grc' dir='ltr'><strong><em>ἀλλα</em></strong></span> 
     </span>
     <span class='ocr_line' id='line_1_22' title="bbox 126 2316 1139 2404; baseline -0.001 -17"><span class='ocrx_word' id='word_1_166' title='bbox 126 2318 311 2404; x_wconf 71' lang='grc' dir='ltr'><strong><em>ἐκπώματα.</em></strong></span> <span class='ocrx_word' id='word_1_167' title='bbox 340 2319 487 2398; x_wconf 85' lang='grc' dir='ltr'><strong><em>σάκκους</em></strong></span> <span class='ocrx_word' id='word_1_168' title='bbox 503 2345 539 2387; x_wconf 90' lang='grc' dir='ltr'><strong><em>τε</em></strong></span> <span class='ocrx_word' id='word_1_169' title='bbox 554 2317 607 2386; x_wconf 80' lang='grc' dir='ltr'><strong><em>ἐπ’</em></strong></span> <span class='ocrx_word' id='word_1_170' title='bbox 625 2316 779 2404; x_wconf 81' lang='grc' dir='ltr'><strong><em>ἁμαξέων</em></strong></span> <span class='ocrx_word' id='word_1_171' title='bbox 796 2316 971 2404; x_wconf 79' lang='grc' dir='ltr'><strong><em>εὕρισκον,</em></strong></span> <span class='ocrx_word' id='word_1_172' title='bbox 995 2319 1034 2384; x_wconf 88' lang='grc' dir='ltr'><strong><em>έν</em></strong></span> <span class='ocrx_word' id='word_1_173' title='bbox 1050 2334 1139 2388; x_wconf 79' lang='grc' dir='ltr'><strong><em>τοῖσι</em></strong></span> 
     </span>
     <span class='ocr_line' id='line_1_23' title="bbox 126 2412 1139 2504; baseline 0.002 -20"><span class='ocrx_word' id='word_1_174' title='bbox 126 2418 259 2504; x_wconf 83' lang='grc' dir='ltr'><strong><em>λέβητες</em></strong></span> <span class='ocrx_word' id='word_1_175' title='bbox 269 2419 447 2501; x_wconf 81' lang='grc' dir='ltr'><strong><em>ἐφαίνοντο</em></strong></span> <span class='ocrx_word' id='word_1_176' title='bbox 455 2418 606 2496; x_wconf 89' lang='grc' dir='ltr'><strong><em>ἐνεόντες</em></strong></span> <span class='ocrx_word' id='word_1_177' title='bbox 616 2416 757 2504; x_wconf 88' lang='grc' dir='ltr'><strong><em>χρύσεοί</em></strong></span> <span class='ocrx_word' id='word_1_178' title='bbox 763 2443 798 2484; x_wconf 88' lang='grc' dir='ltr'><strong><em>τε</em></strong></span> <span class='ocrx_word' id='word_1_179' title='bbox 809 2418 865 2484; x_wconf 85' lang='grc' dir='ltr'><strong><em>καί</em></strong></span> <span class='ocrx_word' id='word_1_180' title='bbox 875 2413 1055 2503; x_wconf 84' lang='grc' dir='ltr'><strong><em>ἀργύρεοι·</em></strong></span> <span class='ocrx_word' id='word_1_181' title='bbox 1070 2412 1139 2486; x_wconf 92' lang='grc' dir='ltr'><strong><em>ἀπό</em></strong></span> 
     </span>
     <span class='ocr_line' id='line_1_24' title="bbox 125 2514 1140 2605; baseline 0.006 -25"><span class='ocrx_word' id='word_1_182' title='bbox 125 2539 161 2580; x_wconf 92' lang='grc' dir='ltr'><strong><em>τε</em></strong></span> <span class='ocrx_word' id='word_1_183' title='bbox 181 2519 249 2581; x_wconf 77' lang='grc' dir='ltr'><strong><em>τῶν</em></strong></span> <span class='ocrx_word' id='word_1_184' title='bbox 264 2517 428 2600; x_wconf 89' lang='grc' dir='ltr'><strong><em>κειμένων</em></strong></span> <span class='ocrx_word' id='word_1_185' title='bbox 444 2522 576 2604; x_wconf 81' lang='grc' dir='ltr'><strong><em>νεκρύυ</em></strong></span> <span class='ocrx_word' id='word_1_186' title='bbox 590 2515 776 2584; x_wconf 87' lang='grc' dir='ltr'><strong><em>ἐσκύλευον</em></strong></span> <span class='ocrx_word' id='word_1_187' title='bbox 790 2514 888 2596; x_wconf 77' lang='grc' dir='ltr'><strong><em>ψέλιά</em></strong></span> <span class='ocrx_word' id='word_1_188' title='bbox 904 2540 941 2582; x_wconf 92' lang='grc' dir='ltr'><strong><em>τε</em></strong></span> <span class='ocrx_word' id='word_1_189' title='bbox 960 2519 1018 2582; x_wconf 89' lang='grc' dir='ltr'><strong><em>καί</em></strong></span> <span class='ocrx_word' id='word_1_190' title='bbox 1036 2537 1140 2605; x_wconf 82' lang='grc' dir='ltr'><strong><em>στρε-</em></strong></span> 
     </span>
     <span class='ocr_line' id='line_1_25' title="bbox 126 2611 1141 2704; baseline 0.005 -23"><span class='ocrx_word' id='word_1_191' title='bbox 126 2611 231 2692; x_wconf 85' lang='grc' dir='ltr'><strong><em>πτούς</em></strong></span> <span class='ocrx_word' id='word_1_192' title='bbox 246 2617 302 2681; x_wconf 91' lang='grc' dir='ltr'><strong><em>καί</em></strong></span> <span class='ocrx_word' id='word_1_193' title='bbox 316 2613 395 2695; x_wconf 82' lang='grc' dir='ltr'><strong><em>τούς</em></strong></span> <span class='ocrx_word' id='word_1_194' title='bbox 409 2613 571 2695; x_wconf 86' lang='grc' dir='ltr'><strong><em>ἀκινάκας</em></strong></span> <span class='ocrx_word' id='word_1_195' title='bbox 584 2616 701 2694; x_wconf 89' lang='grc' dir='ltr'><strong><em>ε’όυτας</em></strong></span> <span class='ocrx_word' id='word_1_196' title='bbox 714 2618 892 2702; x_wconf 89' lang='grc' dir='ltr'><strong><em>χρυσέους,</em></strong></span> <span class='ocrx_word' id='word_1_197' title='bbox 907 2617 977 2682; x_wconf 86' lang='grc' dir='ltr'><strong><em>ἐπεί</em></strong></span> <span class='ocrx_word' id='word_1_198' title='bbox 992 2617 1141 2704; x_wconf 81' lang='grc' dir='ltr'><strong><em>έσθήτός</em></strong></span> 
     </span>
     <span class='ocr_line' id='line_1_26' title="bbox 126 2710 1141 2802; baseline 0.004 -24"><span class='ocrx_word' id='word_1_199' title='bbox 126 2738 165 2798; x_wconf 87' lang='grc' dir='ltr'><strong><em>γε</em></strong></span> <span class='ocrx_word' id='word_1_200' title='bbox 180 2717 331 2798; x_wconf 88' lang='grc' dir='ltr'><strong><em>ποικίλης</em></strong></span> <span class='ocrx_word' id='word_1_201' title='bbox 343 2714 445 2800; x_wconf 92' lang='grc' dir='ltr'><strong><em>λόγος</em></strong></span> <span class='ocrx_word' id='word_1_202' title='bbox 459 2718 586 2802; x_wconf 85' lang='grc' dir='ltr'><strong><em>έγίυετο</em></strong></span> <span class='ocrx_word' id='word_1_203' title='bbox 601 2711 682 2782; x_wconf 73' lang='grc' dir='ltr'><strong><em>οὐδὲ</em></strong></span> <span class='ocrx_word' id='word_1_204' title='bbox 697 2710 752 2792; x_wconf 84' lang='grc' dir='ltr'><strong><em>εἰς.</em></strong></span> <span class='ocrx_word' id='word_1_205' title='bbox 783 2715 932 2781; x_wconf 77' lang='grc' dir='ltr'><strong><em>ἐνθαῦτα</em></strong></span> <span class='ocrx_word' id='word_1_206' title='bbox 947 2712 1059 2782; x_wconf 79' lang='grc' dir='ltr'><strong><em>πολλοὶ</em></strong></span> <span class='ocrx_word' id='word_1_207' title='bbox 1076 2718 1141 2801; x_wconf 82' lang='grc' dir='ltr'><strong><em>μέν</em></strong></span> 
     </span>
     <span class='ocr_line' id='line_1_27' title="bbox 127 2808 1140 2903; baseline 0.006 -25"><span class='ocrx_word' id='word_1_208' title='bbox 127 2813 323 2888; x_wconf 89' lang='grc' dir='ltr'><strong><em>κλέπτοντες</em></strong></span> <span class='ocrx_word' id='word_1_209' title='bbox 349 2812 499 2882; x_wconf 83' lang='grc' dir='ltr'><strong><em>έπύλεου</em></strong></span> <span class='ocrx_word' id='word_1_210' title='bbox 523 2811 609 2901; x_wconf 83' lang='grc' dir='ltr'><strong><em>πρὸς</em></strong></span> <span class='ocrx_word' id='word_1_211' title='bbox 628 2808 708 2890; x_wconf 79' lang='grc' dir='ltr'><strong><em>τούς</em></strong></span> <span class='ocrx_word' id='word_1_212' title='bbox 727 2810 910 2897; x_wconf 89' lang='grc' dir='ltr'><strong><em>Αἰγινήτας</em></strong></span> <span class='ocrx_word' id='word_1_213' title='bbox 931 2817 965 2880; x_wconf 90' lang='grc' dir='ltr'><strong><em>οἰ</em></strong></span> <span class='ocrx_word' id='word_1_214' title='bbox 989 2817 1140 2903; x_wconf 79' lang='grc' dir='ltr'><strong><em>εἵλωτες,</em></strong></span> 
     </span>
     <span class='ocr_line' id='line_1_28' title="bbox 128 2906 1141 3000; baseline 0.007 -26"><span class='ocrx_word' id='word_1_215' title='bbox 128 2906 234 2976; x_wconf 86' lang='grc' dir='ltr'><strong><em>κολλά</em></strong></span> <span class='ocrx_word' id='word_1_216' title='bbox 256 2913 361 2978; x_wconf 76' lang='grc' dir='ltr'><strong><em>δὲκαὶ</em></strong></span> <span class='ocrx_word' id='word_1_217' title='bbox 381 2907 644 2996; x_wconf 86' lang='grc' dir='ltr'><strong><em>ἀπεδείκνυσαν,</em></strong></span> <span class='ocrx_word' id='word_1_218' title='bbox 667 2908 730 2978; x_wconf 83' lang='grc' dir='ltr'><strong><em>ὅσα</em></strong></span> <span class='ocrx_word' id='word_1_219' title='bbox 750 2906 864 2977; x_wconf 78' lang='grc' dir='ltr'><strong><em>αὐτῶν</em></strong></span> <span class='ocrx_word' id='word_1_220' title='bbox 884 2907 947 2978; x_wconf 87' lang='grc' dir='ltr'><strong><em>ούκ</em></strong></span> <span class='ocrx_word' id='word_1_221' title='bbox 967 2906 1023 2979; x_wconf 83' lang='grc' dir='ltr'><strong><em>οἷά</em></strong></span> <span class='ocrx_word' id='word_1_222' title='bbox 1040 2940 1080 2981; x_wconf 93' lang='grc' dir='ltr'><strong><em>τε</em></strong></span> <span class='ocrx_word' id='word_1_223' title='bbox 1096 2907 1141 3000; x_wconf 85' lang='grc' dir='ltr'><strong><em>ήυ</em></strong></span> 
     </span>
     <span class='ocr_line' id='line_1_29' title="bbox 129 3009 1141 3102; baseline 0.007 -26"><span class='ocrx_word' id='word_1_224' title='bbox 129 3009 273 3097; x_wconf 83' lang='grc' dir='ltr'><strong><em>κρύψαι·</em></strong></span> <span class='ocrx_word' id='word_1_225' title='bbox 295 3009 378 3080; x_wconf 78' lang='grc' dir='ltr'><strong><em>ὥστε</em></strong></span> <span class='ocrx_word' id='word_1_226' title='bbox 388 3015 586 3102; x_wconf 79' lang='grc' dir='ltr'><strong><em>Αἰγινήτῃσι</em></strong></span> <span class='ocrx_word' id='word_1_227' title='bbox 602 3017 636 3081; x_wconf 91' lang='grc' dir='ltr'><strong><em>οί</em></strong></span> <span class='ocrx_word' id='word_1_228' title='bbox 648 3013 787 3098; x_wconf 87' lang='grc' dir='ltr'><strong><em>μεγάλοι</em></strong></span> <span class='ocrx_word' id='word_1_229' title='bbox 800 3019 939 3081; x_wconf 86' lang='grc' dir='ltr'><strong><em>πλοῦτοι</em></strong></span> <span class='ocrx_word' id='word_1_230' title='bbox 953 3010 1064 3102; x_wconf 83' lang='grc' dir='ltr'><strong><em>ἀρχήν</em></strong></span> <span class='ocrx_word' id='word_1_231' title='bbox 1084 3022 1141 3085; x_wconf 74' lang='grc' dir='ltr'><strong><em>εὐ·</em></strong></span> 
     </span>
     <span class='ocr_line' id='line_1_30' title="bbox 128 3111 1142 3203; baseline 0.006 -25"><span class='ocrx_word' id='word_1_232' title='bbox 128 3117 253 3178; x_wconf 84' lang='grc' dir='ltr'><strong><em>θεύτευ</em></strong></span> <span class='ocrx_word' id='word_1_233' title='bbox 268 3114 433 3200; x_wconf 78' lang='grc' dir='ltr'><strong><em>ἐγένοντο,</em></strong></span> <span class='ocrx_word' id='word_1_234' title='bbox 449 3113 553 3183; x_wconf 81' lang='grc' dir='ltr'><strong><em>οἳτὸυ</em></strong></span> <span class='ocrx_word' id='word_1_235' title='bbox 563 3111 693 3201; x_wconf 85' lang='grc' dir='ltr'><strong><em>χρυσόν</em></strong></span> <span class='ocrx_word' id='word_1_236' title='bbox 706 3111 764 3181; x_wconf 86' lang='grc' dir='ltr'><strong><em>ἀτε</em></strong></span> <span class='ocrx_word' id='word_1_237' title='bbox 778 3113 877 3183; x_wconf 92' lang='grc' dir='ltr'><strong><em>ἐόντα</em></strong></span> <span class='ocrx_word' id='word_1_238' title='bbox 886 3112 1013 3199; x_wconf 83' lang='grc' dir='ltr'><strong><em>χαλκὸν</em></strong></span> <span class='ocrx_word' id='word_1_239' title='bbox 1029 3120 1142 3203; x_wconf 82' lang='grc' dir='ltr'><strong><em>δῆθεν</em></strong></span> 
     </span>
     <span class='ocr_line' id='line_1_31' title="bbox 81 3207 1143 3301; baseline 0.001 -21"><span class='ocrx_word' id='word_1_240' title='bbox 81 3230 115 3282; x_wconf 79' lang='grc'><strong><em>81</em></strong></span> <span class='ocrx_word' id='word_1_241' title='bbox 130 3207 220 3294; x_wconf 85' lang='grc' dir='ltr'><strong><em>παρὰ</em></strong></span> <span class='ocrx_word' id='word_1_242' title='bbox 231 3215 300 3274; x_wconf 81' lang='grc' dir='ltr'><strong><em>τῶν</em></strong></span> <span class='ocrx_word' id='word_1_243' title='bbox 310 3213 473 3278; x_wconf 78' lang='grc' dir='ltr'><strong><em>εἱλωτέων</em></strong></span> <span class='ocrx_word' id='word_1_244' title='bbox 484 3209 636 3280; x_wconf 79' lang='grc' dir='ltr'><strong><em>ὠνέοντο.</em></strong></span> <span class='ocrx_word' id='word_1_245' title='bbox 653 3212 941 3300; x_wconf 90' lang='grc' dir='ltr'><strong><em>Συμφορήσαντες</em></strong></span> <span class='ocrx_word' id='word_1_246' title='bbox 953 3211 990 3279; x_wconf 75' lang='grc' dir='ltr'><strong><em>δὲ</em></strong></span> <span class='ocrx_word' id='word_1_247' title='bbox 1001 3210 1043 3280; x_wconf 89' lang='grc' dir='ltr'><strong><em>τά</em></strong></span> <span class='ocrx_word' id='word_1_248' title='bbox 1056 3214 1143 3301; x_wconf 90' lang='grc' dir='ltr'><strong><em>χρή-</em></strong></span> 
     </span>
     <span class='ocr_line' id='line_1_32' title="bbox 130 3304 1143 3400; baseline 0.007 -28"><span class='ocrx_word' id='word_1_249' title='bbox 130 3332 216 3394; x_wconf 85' lang='grc' dir='ltr'><strong><em>ματα</em></strong></span> <span class='ocrx_word' id='word_1_250' title='bbox 227 3309 282 3374; x_wconf 88' lang='grc' dir='ltr'><strong><em>καί</em></strong></span> <span class='ocrx_word' id='word_1_251' title='bbox 296 3310 440 3396; x_wconf 90' lang='grc' dir='ltr'><strong><em>δεκάτην</em></strong></span> <span class='ocrx_word' id='word_1_252' title='bbox 453 3309 619 3391; x_wconf 77' lang='grc' dir='ltr'><strong><em>ἐξελόντες</em></strong></span> <span class='ocrx_word' id='word_1_253' title='bbox 631 3316 678 3400; x_wconf 80' lang='grc' dir='ltr'><strong><em>τῷ</em></strong></span> <span class='ocrx_word' id='word_1_254' title='bbox 695 3313 733 3378; x_wconf 87' lang='grc' dir='ltr'><strong><em>ἐν</em></strong></span> <span class='ocrx_word' id='word_1_255' title='bbox 746 3317 910 3395; x_wconf 79' lang='grc' dir='ltr'><strong><em>Δελφοῖσι</em></strong></span> <span class='ocrx_word' id='word_1_256' title='bbox 925 3316 1008 3399; x_wconf 78' lang='grc' dir='ltr'><strong><em>θεῷ,</em></strong></span> <span class='ocrx_word' id='word_1_257' title='bbox 1025 3308 1087 3379; x_wconf 88' lang='grc' dir='ltr'><strong><em>ἀπ’</em></strong></span> <span class='ocrx_word' id='word_1_258' title='bbox 1101 3304 1143 3400; x_wconf 80' lang='grc' dir='ltr'><strong><em>ἧς</em></strong></span> 
     </span>
     <span class='ocr_line' id='line_1_33' title="bbox 122 3404 1143 3500; baseline 0.008 -27"><span class='ocrx_word' id='word_1_259' title='bbox 122 3404 145 3474; x_wconf 89' lang='grc' dir='ltr'><strong><em>ό</em></strong></span> <span class='ocrx_word' id='word_1_260' title='bbox 158 3411 300 3488; x_wconf 86' lang='grc' dir='ltr'><strong><em>τρίπους</em></strong></span> <span class='ocrx_word' id='word_1_261' title='bbox 313 3404 332 3479; x_wconf 86' lang='grc' dir='ltr'>ὁ</span> <span class='ocrx_word' id='word_1_262' title='bbox 347 3406 489 3500; x_wconf 86' lang='grc' dir='ltr'><strong><em>χρύσεος</em></strong></span> <span class='ocrx_word' id='word_1_263' title='bbox 500 3407 671 3498; x_wconf 81' lang='grc' dir='ltr'><strong><em>ἀνετέθηὸ</em></strong></span> <span class='ocrx_word' id='word_1_264' title='bbox 684 3412 736 3478; x_wconf 77' lang='grc' dir='ltr'><strong><em>ἐπὶ</em></strong></span> <span class='ocrx_word' id='word_1_265' title='bbox 746 3416 807 3476; x_wconf 87' lang='grc' dir='ltr'><strong><em>τού</em></strong></span> <span class='ocrx_word' id='word_1_266' title='bbox 817 3408 1026 3496; x_wconf 89' lang='grc' dir='ltr'><strong><em>τρικαρήνου</em></strong></span> <span class='ocrx_word' id='word_1_267' title='bbox 1039 3409 1143 3499; x_wconf 79' lang='grc' dir='ltr'><strong><em>ὄφιος</em></strong></span> 
     </span>
    </p>
   </div>
   <div class='ocr_carea' id='block_1_3' title="bbox 0 0 1203 3840">
    <p class='ocr_par' dir='ltr' id='par_1_3' title="bbox 0 0 1203 3840">
     <span class='ocr_line' id='line_1_34' title="bbox 0 0 1203 3840; baseline 0 0"><span class='ocrx_word' id='word_1_268' title='bbox 0 0 1203 3840; x_wconf 95' lang='lat' dir='ltr'><strong><em> </em></strong></span> 
     </span>
    </p>
   </div>
  </div>
 </body>
</html>
