2378 3840
141 179 203 242 108
518 179 772 238 HERODOTI

138 349 194 407 ίσα
213 338 387 424 νεμόντων
404 332 470 406 οίοί
489 338 527 404 τέ
546 341 637 424 είμεν
660 340 897 425 περιγενέσθαι
919 345 960 427 τῇ
980 342 1145 424 συμβολῇ.

138 444 243 505 ταῦτα
258 430 307 504 όν
318 435 427 503 πάντα
441 437 475 514 ἐς
485 437 522 504 σὲ
536 441 603 502 νῦν
615 440 716 504 τείνει
731 438 786 504 καί
803 439 840 505 έκ
854 439 910 505 σέο
924 433 1078 524 ἤρτηται·
1100 430 1145 521 ἢν

139 531 203 619 γάρ
219 530 262 601 σύ
278 533 395 624 γνάμη
409 540 449 622 τῇ
468 536 530 622 ἐμῇ
543 540 694 623 προσθῇ,
717 538 785 602 ἔστι
798 559 850 602 τοι
867 540 984 622 πατρίς
997 558 1033 601 τε
1048 537 1145 602 έλεν-

137 634 223 719 θέρη
239 634 294 699 καί
307 631 403 710 πόλις
416 631 530 719 πρύτη
547 637 615 698 τῶν
632 634 669 699 ἐν
682 637 723 720 τῇ
733 628 883 718 Ἑλλάδι,
901 628 945 717 ἢν
956 632 992 701 δέ
1002 628 1064 718 τὴν
1074 637 1145 700 τῶν

138 726 422 798 ἀποσπευδόντων
435 727 498 816 τὴν
507 726 682 816 συμβολὴν
692 730 767 816 ἕλη,
784 726 926 815 ὑπάρξει
935 754 988 798 τοι
997 736 1066 797 τῶν
1077 726 1143 814 ἐγω

72 840 121 891 110
137 826 292 905 κατέλεξα
306 823 448 912 άγαθύν
463 823 505 910 τά
520 827 663 895 ἐναντία.
709 832 822 894 Ταύτα
836 829 943 913 λέγων
960 824 978 894 ὁ
995 827 1136 895 Μιλτιά-

139 930 198 1011 δης
211 932 415 1011 προσκτᾶται
428 922 488 994 τόν
503 930 725 1012 Καλλίμαχον.
749 928 1020 1013 προσγενομένης
1034 926 1071 993 δὲ
1081 933 1142 994 τοῦ

137 1025 348 1112 πολεμάρχου
363 1033 421 1113 τῆς
431 1024 566 1113 γνώμης
577 1025 763 1113 ἐκεκύρωτο
774 1026 989 1113 συμβάλλειν.
1011 1021 1094 1111 μετά
1106 1026 1142 1092 δὲ

138 1126 172 1192 ολ
187 1125 379 1208 στρατηγοὶ,
396 1130 465 1191 τῶν
479 1120 500 1210 ἡ
516 1123 634 1210 γνύμη
649 1129 748 1211 ἔφερε
762 1123 985 1210 συμβάλλειν,
1004 1120 1048 1201 ὡς
1064 1123 1144 1190 ἑκά-

136 1238 218 1287 στου
238 1217 350 1289 αύτοόν
374 1224 500 1308 ἐγίνετο
515 1228 704 1308 πρυτανηίη
725 1226 783 1307 τῆς
801 1217 943 1307 ἡμέρης,
971 1219 1142 1307 Μιλτιάδη

135 1323 376 1408 παρεδίδοσαν·
399 1317 417 1389 ὁ
433 1322 470 1389 δέ
481 1321 661 1407 δεκόμενος
675 1317 749 1388 ούτι
763 1345 812 1387 κω
827 1316 1001 1407 συμβολὴν
1016 1320 1142 1386 ἐποιέε-

67 1435 115 1486 111
135 1446 189 1507 το,
205 1424 286 1506 πρίν
298 1446 338 1507 γε
352 1416 392 1507 δὴ
408 1416 515 1488 αὐτοῦ
528 1425 715 1507 πρυτανηίη
730 1421 869 1506 ἐγένετο.
894 1417 953 1497 Ὡς
965 1419 1001 1487 δέ
1012 1419 1045 1496 ές
1058 1420 1142 1484 ἐκελ-

135 1545 198 1587 νον
211 1525 390 1606 περιῆλθε,
408 1521 558 1588 ἐνθαῦτα
572 1514 612 1605 δὴ
629 1518 807 1587 ἐτάσσοντο
827 1511 893 1587 ὦδε
905 1516 1080 1605 Ἀθηναῖοι
1098 1513 1140 1594 ὡς

135 1619 393 1703 συμβαλέοντες·
414 1623 475 1684 τού
490 1619 552 1702 μὲν
564 1620 675 1696 δεξιοῦ
685 1622 799 1704 κέρεος
811 1613 927 1704 ἡγέετο
942 1613 960 1684 ὁ
973 1618 1135 1702 πολέμαρ

133 1737 191 1799 χος
201 1715 424 1798 Καλλίμαχος·
447 1711 465 1781 ὁ
480 1712 546 1801 γάρ
560 1713 665 1801 νόμος
677 1715 751 1783 τότε
766 1713 831 1801 εἶχε
841 1712 930 1781 οὕτω
940 1727 1026 1781 τοῖσι
1039 1711 1138 1799 Ἀθη

135 1816 267 1897 ναίοισι,
277 1809 337 1880 τόν
348 1813 558 1900 πολέμαρχον
568 1818 655 1900 ἔχειν
665 1816 763 1899 κέρας
771 1810 809 1880 τό
821 1810 940 1891 δεξιόν.
953 1807 1140 1898 ἡγεομένου

133 1909 171 1976 δέ
183 1907 308 1976 τούτου
323 1912 511 1990 ἐξεδέκοντο
529 1908 573 1990 ὥς
587 1908 790 1998 ἠρυθμέοντο
804 1913 842 1977 αί
854 1911 969 1995 φυλαί,
986 1909 1139 1996 ἐχόμεναι

134 2003 304 2092 ἀλλήλων·
325 2015 508 2077 τελευταῖοι
519 2010 555 2077 δέ
568 2008 757 2094 ἐτάσσοντο,
772 2012 902 2093 ἔχοντες
912 2003 949 2074 τό
962 2005 1140 2095 εύύνυμον

133 2105 246 2188 κέρας,
263 2105 452 2184 Πλαταιέες.
475 2101 539 2173 άπδ
552 2105 675 2192 ταύτης
688 2107 753 2192 γάρ
765 2125 825 2191 σφι
835 2111 893 2191 τῆς
902 2103 1008 2193 μάχης
1017 2113 1139 2184 θυσίας

129 2196 319 2285 Ἀθηναίων
334 2197 531 2289 ἀναγόντων
546 2205 602 2271 καὶ
618 2203 828 2290 πανηγύριας
844 2201 904 2282 τάς
919 2206 956 2273 έν
969 2211 1045 2293 τῇσι
1059 2229 1138 2272 πεν-

131 2304 275 2385 τετηρίσι
299 2299 475 2384 γινομένας
496 2300 687 2386 κατεύχεται
697 2298 716 2369 ὁ
728 2304 832 2386 κῆρυξ
843 2298 861 2368 ὁ
873 2298 1138 2388 Ἀθηναίος,άμα

132 2420 168 2462 τε
178 2392 386 2482 ’Λθηναίοισι
396 2401 504 2484 λέγων
514 2405 671 2484 γίνεσθαι
681 2396 722 2466 τά
735 2396 848 2485 άγαθά
860 2401 915 2468 καλ
923 2405 1136 2468 Πλαταιεῦσι.

131 2490 206 2561 τότε
218 2491 255 2561 δὲ
264 2495 479 2581 τασσομένων
489 2501 557 2562 τόν
567 2492 756 2582 Ἀθηναίων
763 2497 800 2562 έν
811 2502 856 2586 τῷ
863 2503 1059 2583 Μαραθῶνι
1070 2500 1138 2583 ἐγί-

131 2616 206 2658 νετο
217 2589 350 2658 τοιόνδε
360 2617 408 2660 τι·
424 2589 460 2660 τό
473 2592 698 2678 στρατόπεδον
710 2594 926 2679 ἐξισούμενον
935 2599 982 2685 τῷ
993 2597 1137 2684 Μηδικῷ

132 2692 360 2778 στρατοπέδω,
377 2686 414 2757 τό
430 2691 492 2776 μὲν
503 2688 609 2758 αὐτοῦ
622 2693 726 2778 μέσον
740 2692 866 2777 ἐγίνετο
878 2693 932 2760 ἐπί
951 2689 1040 2772 τάξις
1066 2688 1136 2761 όλί-

130 2811 209 2871 γας,
224 2788 279 2853 καὶ
294 2786 399 2875 ταύτῃ
412 2779 457 2874 ἦν
472 2784 719 2858 ἀσθενέστατον
733 2787 771 2857 τό
786 2788 1031 2877 στρατόπεδον,
1045 2785 1084 2858 τό
1101 2787 1136 2856 δὲ

63 2894 115 2948 112
132 2883 231 2970 κέρας
246 2882 405 2968 ἑκάτερον
425 2889 549 2972 ἔρρωτο
568 2887 701 2974 πλήθεϊ.
740 2885 799 2968 Ὡς
820 2889 860 2956 δέ
873 2907 935 2975 σφι
951 2888 1136 2955 διετέτακτο

131 2977 241 3048 καὶτὰ
262 2980 390 3067 σφάγια
405 2985 530 3069 ἐγίνετο
547 2981 649 3070 καλά,
671 2987 820 3054 ἐνθαῦτα
836 2983 880 3065 ὡς
897 2983 1089 3072 ἀπείθησαν
1107 2987 1138 3052 οί

125 3075 310 3165 Ἀθηναῖοι,
325 3079 438 3171 δρόμῳ
450 3083 539 3150 ἵεντο
552 3084 585 3162 ές
595 3081 674 3163 τούς
683 3087 884 3174 βαρβάρους.
908 3079 997 3173 ἦσαν
1008 3083 1046 3153 δὲ
1056 3082 1137 3152 στά-

130 3178 197 3243 διοι
212 3172 274 3242 οὐκ
291 3176 468 3258 ἐλάσσονες
487 3176 524 3249 τό
540 3186 732 3267 μεταίχμιον
749 3179 862 3251 αὐτῶν
880 3179 902 3270 ἢ
919 3180 1016 3267 όκτύ.
1047 3185 1084 3250 οί
1100 3178 1136 3247 δὲ

130 3276 257 3361 Πέρσαι
272 3271 424 3361 ὁρέοντες
435 3277 548 3369 δρόμῳ
559 3281 714 3360 ἐπιόντας
724 3270 1011 3369 παρεσκευάζούτο
1024 3279 1071 3360 ὡς
1081 3285 1136 3349 δε-

130 3371 274 3460 ξόμενοι,
285 3379 408 3463 μανίην
420 3402 456 3443 τε
466 3389 552 3444 τοίσι
561 3375 769 3465 Ἀθηναίοισι
781 3381 946 3468 ἐπέφερον
956 3381 1013 3449 καὶ
1023 3384 1135 3468 πάγχυ
