2378 3840
139 198 203 266 27⁰
517 203 770 262 HERODOTI

139 363 241 439 πέδας
253 386 288 428 τι
304 369 433 448 κατῆκε.
457 359 530 429 ἀλλ’
549 354 588 429 εὖ
604 357 668 446 γὰρ
681 365 746 444 ἔχει
757 364 789 440 ές
799 359 835 428 τδ
848 363 975 450 παρεδν
987 363 1069 456 ήμῑν
1080 377 1148 436 νῦν

139 461 201 543 μὲν
216 460 253 525 έν
267 465 307 546 τῇ
325 457 457 526 Ἑλλάδι
474 463 734 543 καταμείναντας
754 455 867 545 ἡμέων
887 487 922 528 τε
943 461 1055 531 αὐτῶν
1073 466 1149 533 έπι-

139 564 327 645 μεληθήναι
341 561 479 624 καὶτῶν
495 557 665 625 οἰκετέων·
686 561 745 624 καί
755 584 804 635 τις
819 565 928 646 οἰκίην
941 588 976 629 τε
992 560 1148 632 ἀναπλα-

27 649 30 653 ’
139 657 257 725 σάσθω
272 659 327 726 καί
341 656 471 742 σπόρου
488 654 620 735 ἀνακῶς
641 659 755 742 ἐχέτω,
776 662 962 737 παντελέως
976 658 1148 742 ἀπελάσας

138 755 199 822 τὸν
209 756 398 843 βάρβαρον·
418 752 486 840 ἅμα
497 755 533 824 δὲ
543 761 589 844 τῷ
600 759 672 842 έαρι
684 755 932 842 καταπλέωμεν
944 758 1146 846 έπίῈλλησ-

138 852 266 921 πόντου
292 856 348 921 καὶ
370 850 503 939 Ἰωνίης.
554 859 666 920 Ταῦτα
689 858 781 938 ἔλεγε
807 850 986 941 ἀποθήκην
1011 860 1148 941 μέλλων

139 950 339 1036 ποιήσεσθαι
354 950 386 1028 ές
400 946 460 1016 τδν
474 950 625 1035 Πέρσην,
647 953 703 1016 ἵνα
717 943 761 1034 ήν
776 947 840 1036 ἀρα
855 955 890 1016 τί
900 977 958 1034 μιν
973 960 1136 1033 καταλαμ-

137 1052 224 1141 ῥάνη
242 1048 324 1141 πρὸς
338 1047 526 1141 Ἀθηναίων
544 1051 669 1139 πάθος,
688 1057 746 1140 ἔχη
763 1044 992 1140 ἀποστροφήν·
1020 1046 1062 1118 τά
1080 1076 1147 1136 περ

69 1176 118 1228 110
135 1145 183 1224 ἀν
193 1154 249 1221 καὶ
261 1153 397 1239 ἐγένετο.
420 1154 657 1241 Θεμιστοκλέης
669 1152 730 1240 μέν
742 1153 845 1222 ταῦτα
858 1153 965 1237 λέγων
974 1152 1145 1237 διέβαλλε,

132 1252 304 1340 Ἀθηναῖοι
319 1253 354 1321 δὲ
368 1255 557 1323 ἐπείθοντο·
577 1250 692 1339 ἐπειδὴ
709 1250 772 1341 γάρ
789 1253 846 1321 καὶ
863 1250 1024 1341 πρότερον
1044 1255 1145 1320 δεδο-

135 1357 254 1442 γμένος
272 1351 358 1421 εἰναι
375 1352 477 1441 σοφὸς
489 1349 595 1441 ἐφάνη
608 1350 673 1423 έοδν
683 1347 834 1439 ἀληθέως
846 1349 947 1440 σοφός
964 1353 1070 1419 τεκαὶ
1085 1347 1144 1420 εὔ-

135 1461 270 1542 βουλος,
289 1450 420 1534 πάντως
438 1454 561 1542 ἑτοῖμοι
577 1445 664 1541 ήσαν
680 1454 809 1539 λέγοντι
825 1460 1014 1522 πείθεσθαι.
1045 1449 1091 1531 ὡς
1107 1452 1144 1520 δὲ

136 1545 232 1624 οὗτοί
246 1557 280 1622 οί
295 1551 539 1646 ἀνεγνωσμένοι
556 1543 658 1641 ἦσαν,
683 1550 802 1622 αὐτίκα
818 1551 900 1642 μετά
922 1555 1025 1622 ταῦτα
1042 1550 1060 1620 δ
1080 1561 1141 1621 Θε-

135 1654 327 1743 μιστοκλέης
344 1649 468 1743 ἀνδρας
485 1650 656 1742 ἀπέπεμπε
674 1659 807 1742 ἔχοντας
823 1661 951 1740 πλοῖον,
969 1669 1054 1722 τοῖσι
1073 1655 1143 1722 έπί·

136 1776 232 1824 στενε
249 1757 347 1844 σιγᾷν
365 1757 398 1835 ές
408 1757 519 1824 πᾶσαν
532 1752 681 1842 βάσανον
694 1751 969 1842 ἀπικνεομένοισι,
987 1749 1028 1822 τά
1042 1749 1144 1833 αὐτὸς

138 1859 320 1926 ἐνετείλατο
338 1859 470 1941 βασιλέϊ
483 1853 625 1943 φράσαι·
644 1858 712 1923 τῶν
729 1855 784 1923 καί
803 1861 959 1936 Σίκιννος
976 1847 994 1920 δ
1012 1854 1143 1940 οἰκέτης

136 1946 227 2036 αὖτις
246 1958 398 2041 ἐγένετο..
411 1962 446 2024 οδ
464 1955 571 2022 έπείτε
590 1953 747 2023 ἀπίκοντο
761 1953 843 2044 πρὸς
855 1950 917 2041 τήν
926 1950 1090 2041 Ἀττικήν,
1112 1959 1144 2022 οἰ

134 2056 195 2143 μέν
213 2055 391 2143 κατέμενον
409 2056 463 2123 έπί
474 2057 520 2146 τῷ
534 2061 656 2146 πλοίφ,
675 2061 833 2134 Σίκιννος
852 2055 889 2124 δέ
906 2051 1033 2139 ἀναβάς
1051 2051 1142 2141 παρά

135 2158 262 2245 Ξέρξην
270 2160 362 2243 ἔλεγε
374 2153 468 2231 τάδε·
479 2152 630 2244 ’Ἐπεμψέ
638 2181 681 2242 με
688 2155 924 2242 Θεμιστοκλέης
937 2149 1142 2240 ὁΝεοκλέος,

134 2253 315 2341 στρατηγὸς
330 2257 391 2340 μέν
402 2251 608 2339 Ἀθηναίων,
627 2252 712 2341 ἀνήρ
723 2256 760 2321 δέ
770 2261 838 2321 τῶν
849 2254 1032 2339 συμμάχων
1047 2251 1139 2318 αάν-

133 2377 201 2419 των
216 2349 349 2437 ἀριστος
364 2353 417 2418 καὶ
432 2350 641 2438 σοφώτατος,
658 2352 831 2438 φράσοντά
845 2377 896 2418 τοι
911 2347 961 2418 ὅτι
974 2359 1138 2436 Θεμιστο-

103 2513 112 2525 ,
133 2451 230 2534 κλέης
241 2444 259 2514 ὁ
271 2443 457 2534 Ἀθήναιος,
469 2452 520 2516 σοὶ
534 2448 740 2536 βουλόμενος
750 2446 961 2535 ὑπουργέειν,
974 2454 1047 2533 έσχε
1058 2446 1139 2525 τούς

135 2546 297 2633 Ἕλληνας
310 2546 368 2627 τάς
382 2551 459 2627 νέας
475 2555 703 2637 βουλομένους
719 2552 853 2619 διήκειν
870 2554 924 2618 καὶ
938 2548 996 2629 τάς
1011 2553 1048 2618 ἐν
1062 2549 1138 2618 Ἐλ-

132 2648 307 2736 λησπόντφ
324 2655 474 2735 γεφύρας
489 2649 593 2718 λύειν.
615 2654 670 2718 καὶ
684 2658 751 2718 νῦν
764 2648 837 2719 κατ’
852 2649 994 2738 ἡσυχίην
1008 2649 1140 2737 πολλήν

66 2768 113 2819 111
133 2753 271 2834 κομίζεο.
298 2752 341 2815 Oi
356 2749 417 2833 μὲν
432 2756 536 2817 ταῦτα
553 2745 760 2838 σημήναντες
776 2749 953 2819 ἀπέπλωον
970 2747 1088 2836 ὀπίσω,
1107 2754 1141 2818 οἰ

132 2848 168 2911 δὲ
185 2841 357 2930 Ἕλληνες,
399 2843 511 2911 έπείτέ
534 2867 594 2932 σφι
615 2845 754 2928 ἀπέδοξε
779 2845 855 2935 μήτ’
878 2846 1069 2915 ἐπιδιώκειν
1092 2851 1139 2914 ἔτι

132 2945 331 3026 προσωτέρω
345 2945 606 3032 τῶνβαρβάρων
617 2944 675 3026 τάς
689 2951 776 3034 νέας,
792 2946 873 3034 μήτε
889 2945 1014 3015 πλείειν
1029 2951 1064 3024 ές
1079 2943 1140 3013 τὸν

125 3039 370 3126 Ἑλλήσποντον
386 3042 550 3120 λύσοντας
570 3039 630 3111 τδν
650 3046 774 3132 πόρον,
800 3044 861 3131 τήν
877 3043 1024 3132 ’Ἀνδρον
1041 3070 1140 3131 περι-

132 3144 279 3224 κατέατο,
292 3142 415 3220 ἐξελεῖν
428 3146 609 3222 έθέλοντες.
632 3152 759 3232 πρῶτοι
771 3140 835 3231 γάρ
844 3142 994 3230 Ἄνδριοι
1010 3165 1140 3232 νησιω-

130 3241 214 3306 τέων
226 3241 418 3324 αἰτηθέντες
429 3238 757 3328 πρδςΘεμιστοκλέος
766 3242 915 3329 χρήματα
927 3239 990 3309 οὐκ
1003 3247 1138 3321 ἔδοσαν,

131 3333 214 3403 ἀλλά
226 3343 469 3423 προϊσχομένου
478 3341 717 3425 Θεμιστοκλέος
727 3341 831 3425 λόγον
842 3338 951 3427 τόνδε,
964 3337 1009 3419 ὦς
1020 3339 1140 3427 ἥκοιεν

117 3433 294 3521 Ἀθηναῖοι
317 3443 395 3525 περί
420 3440 569 3524 ἑωυτοὺς
591 3447 721 3530 ἔχοντες
740 3439 803 3508 δύο
827 3437 931 3518 θεοὺς
959 3445 1139 3530 μεγάλους,
