2378 3840
325 217 413 276 ΗΒ.
445 215 493 272 IX.
525 215 623 273 CAP.
656 220 803 276 66—70:
1002 213 1063 278 321

60 375 168 467 τοάτφ
185 381 232 467 τῷ
245 376 412 464 γινομένῳ
428 370 525 462 φόβφ
539 368 731 457 ἀγγέλλεται
744 383 829 438 τοῖσι
845 370 975 441 άλλοισι
986 370 1064 443 Ἕλ-

60 483 136 560 λησι
148 487 233 542 τοίσι
247 473 474 557 τεταγμένοισι
490 473 566 552 περὶ
578 465 615 537 τδ
632 465 770 556 Ἡραίου
787 471 841 537 καὶ
858 467 1064 558 ἀπογενομέ-

59 590 148 637 νοισι
160 576 217 657 τῆς
230 569 352 655 μάχης,
373 566 425 637 ὅτι
439 567 526 654 μάχη
546 594 582 636 τε
597 571 716 654 γέγονε
730 569 785 636 καὶ
798 577 921 660 νικῷεν
936 575 971 638 οί
982 567 1063 656 μετά

59 672 269 736 Παυσανίεω.
289 669 323 734 οί
338 664 374 734 δὲ
388 663 593 744 ἀκούσαντες
605 671 710 733 ταῦτα
724 663 848 734 οάδένα
862 668 990 755 κόσμον
1004 695 1063 736 τα-

57 766 196 848 χθέντες
207 765 242 830 οί
250 762 313 848 μέν
323 761 409 849 ἀμφὶ
419 770 628 851 Κορινθίους
638 761 822 851 ἐτράποντο
833 764 889 834 διά
900 775 958 854 τῆς
969 765 1064 835 ὑπω-

59 863 136 946 ρέης
150 861 205 927 καλ
220 867 288 928 τῶν
302 866 464 928 κολωνῶν
478 859 542 947 τῆν
555 861 728 947 φέρουσαν
746 859 817 931 ἀνω
832 862 893 932 ίθύ
908 873 968 933 τοῦ
986 870 1063 949 ίροῦ

58 965 116 1044 τῆς
129 957 324 1047 Δήμητρος,
348 963 383 1028 οί
400 959 438 1027 δέ
455 956 540 1045 ἀμφὶ
561 962 739 1046 Μεγαρέας
758 985 794 1029 τε
813 965 868 1030 καὶ
883 970 1063 1040 Φλιασίους

57 1058 114 1128 διά
129 1067 190 1127 τοῦ
205 1063 324 1128 πεδίου
337 1057 400 1146 τῆν
414 1061 588 1147 λειοτάτην
604 1067 672 1128 τῶν
687 1056 788 1129 ὁδῶν.
826 1060 933 1130 ἐπείτε
951 1063 987 1130 δέ
1003 1059 1064 1146 ἀγ-

58 1165 119 1244 χοῦ
140 1165 208 1225 τῶν
225 1164 394 1245 πολεμίων
414 1162 565 1245 ἐγίνοντο
587 1164 621 1228 οἱ
635 1161 807 1248 Μεγαρέες
826 1165 880 1229 καὶ
898 1159 1063 1248 Φλιάσιοι,

57 1254 234 1335 ἀπιδόντες
252 1260 355 1343 σφέας
370 1261 405 1326 οί
418 1265 486 1325 τῶν
499 1263 657 1345 Θηβαίων
673 1258 809 1327 ίππόται
829 1262 1064 1347 ἐπειγομένους

58 1354 182 1424 οὐδένα
202 1353 331 1441 κόσμον
349 1351 501 1441 ἤλαυνον
521 1351 574 1423 ἐπ’
593 1352 716 1434 αὐτοὺς
735 1355 814 1436 τούς
833 1360 972 1443 ἵππους,
993 1363 1062 1424 τάν

57 1454 217 1541 ἱππάρχεε
228 1449 467 1535 Ἀσωπόδωρος
477 1449 496 1519 ὁ
508 1451 710 1538 Τιμάνδρου.
729 1453 924 1534 ἐσπεσόντες
935 1457 971 1523 δέ
981 1479 1061 1522 κατ-

58 1555 236 1638 εστόρεσαν
256 1549 368 1620 αὐτῶν
383 1555 591 1637 ἑξακοσίους,
611 1549 690 1630 τούς
706 1552 742 1620 δέ
758 1552 897 1632 λοιποὺς
915 1553 1061 1640 κατῆρα-

57 1658 118 1730 ξαν
133 1649 310 1728 διώκοντες
325 1653 357 1728 ἐς
372 1648 433 1717 τόν
447 1656 656 1733 Κιθαιρῶνα.
692 1642 795 1717 Οὗτοι
815 1651 877 1737 μὲν
892 1648 933 1737 δῆ
949 1653 986 1720 ἐν
1001 1647 1061 1718 οὐ·

57 1750 127 1815 δενὶ
146 1747 235 1837 λόγφ
251 1743 443 1831 ἀπάλοντο,
464 1751 498 1815 οἱ
517 1748 553 1815 δὲ
567 1749 694 1832 Πέρσαι
711 1745 801 1815 καλό
823 1747 922 1827 ἀλλος
942 1750 1057 1835 ὅμιλος
1073 1764 1108 1820 70

59 1842 103 1923 ὡς
122 1845 313 1932 κατέφυγον
329 1846 361 1923 ἐς
381 1842 418 1910 τό
441 1846 580 1925 ξύλινον
599 1859 720 1931 τεῖχος,
741 1852 899 1932 ἔφθησαν
915 1851 966 1916 ἐπὶ
981 1843 1060 1923 τούς

58 1942 208 2029 πύργους
222 1939 408 2030 ἀναβάντες
423 1943 504 2029 πρὶν
518 1937 538 2028 ῆ
553 1938 632 2020 τούς
646 1946 931 2028 Λακεδαιμονίους
945 1940 1061 2010 ἀπικέ-

41 2048 148 2110 σθαι.
178 2038 362 2129 ἀναβάντες
383 2041 418 2108 δὲ
437 2041 623 2126 ἐφράξαντο
642 2038 687 2121 ὡς
706 2043 863 2111 ἐδυνέατο
883 2042 1001 2132 άριστα
1022 2041 1058 2111 τὸ

59 2152 168 2224 τεῖχος.
183 2135 445 2226 προσελθόντων
456 2140 493 2205 δέ
504 2142 853 2226 τάυΛακεδαιμουίων
864 2141 1063 2229 κατεστήκεέ

57 2259 116 2324 σφι
133 2242 320 2323 τειχομαχίη
335 2238 609 2324 ἐρρωμενεστέρη.
639 2239 702 2315 ἕως
716 2237 779 2323 μέν
799 2237 865 2325 γάρ
881 2237 1014 2326 ἀπῆσαν
1029 2243 1062 2305 οἱ

58 2333 242 2417 Ἀθηναῖοι,
268 2337 302 2401 οί
320 2330 351 2400 δ’
371 2331 543 2421 ῆμόνοντο
558 2335 613 2402 καὶ
633 2341 746 2425 πολλῷ
765 2340 869 2405 πλέον
884 2335 972 2424 εἶχον
991 2343 1060 2404 τῶν

59 2432 331 2515 Λακεδαιμονίων
349 2428 433 2498 άστε
448 2428 511 2498 οάκ
527 2434 754 2518 ἐπισταμένων
768 2438 999 2522 τειχομαχέειν,
1017 2431 1061 2512 ὡς

58 2526 96 2593 δέ
107 2545 168 2611 σφι
182 2529 217 2593 οί
228 2522 400 2612 Ἀθηναῖοι
409 2536 628 2615 προσῆλθον,
644 2529 733 2596 οὕτω
747 2529 788 2618 δῆ
801 2530 918 2619 ίσχυρῆ
933 2534 1059 2619 ἐγίνετο

56 2629 242 2712 τειχομαχίη
258 2627 313 2694 καὶ
328 2626 453 2715 χρόνον
467 2631 520 2697 ἐπὶ
533 2626 670 2697 πολλόν.
690 2633 782 2708 τέλος
797 2633 834 2698 δέ
848 2627 949 2720 ἀρετῆ
958 2658 994 2699 τε
1005 2634 1060 2699 καλ

56 2729 191 2808 λιπαρίη
206 2724 372 2811 ἐπέβησαν
384 2723 558 2814 Ἀθηναῖοι
572 2732 633 2794 τοῦ
646 2734 767 2814 τείχεος
778 2731 833 2797 καὶ
843 2728 1001 2817 ἤρειπον,
1020 2739 1060 2819 τῆ

56 2822 96 2910 δῆ
118 2824 286 2908 ἐσεχέοντο
302 2829 336 2892 οί
348 2823 514 2913 Ἕλληνες.
546 2832 672 2914 πρῶτοι
686 2827 722 2894 δέ
737 2829 884 2914 ἐσῆλθον
899 2837 1058 2916 Τεγεῆται

55 2926 88 3001 ἐς
101 2919 137 2989 τὸ
153 2933 274 3007 τείχος,
314 2920 370 2988 καί
401 2917 463 3006 τῆν
496 2917 625 3006 σκηνῆν
656 2919 720 3008 τῆν
747 2929 949 3011 Μαρδονίου
964 2918 1059 2993 οὗτοι

55 3012 140 3105 ἦσαν
155 3025 190 3088 οί
192 3035 193 3038 ’
201 3020 461 3108 διαρπάσαντες,
476 3021 517 3088 τά
533 3047 570 3089 τε
583 3018 668 3090 ἀλλα
678 3024 711 3102 ἐξ
726 3018 828 3108 αὐτῆς
842 3024 897 3090 καὶ
913 3020 977 3109 τῆν
990 3021 1059 3108 φά-

56 3144 138 3202 τνηυ
154 3125 223 3186 τῶν
236 3121 349 3187 ἵππων
365 3122 487 3186 ἐοῦσαν
503 3122 646 3206 χαλκέην
660 3125 771 3187 πάσαν
785 3122 841 3187 καί
854 3121 937 3204 θέης
951 3115 1056 3205 ἀξίην.

55 3211 116 3299 τῆν
130 3217 193 3299 μέν
209 3241 275 3284 νυν
296 3217 430 3302 φάτνην
449 3216 576 3302 ταύτην
594 3212 657 3303 τῆν
672 3220 874 3304 Μαρδονίου
890 3213 1059 3285 ἀνέθεσαν

54 3314 88 3389 ἐς
102 3307 162 3377 τὸν
178 3308 263 3396 νηδν
275 3318 333 3399 τῆς
346 3311 458 3401 Ἀλέης
469 3311 648 3401 Ἀθηναίης
666 3321 839 3400 Τεγεῆται,
862 3310 903 3381 τά
921 3313 957 3381 δὲ
974 3311 1058 3382 ἀλλα

55 3413 86 3488 ἐς
100 3407 218 3493 τώυτό,
236 3405 361 3500 ὅσαπερ
382 3417 514 3499 ἔλαβον,
530 3412 705 3501 ἐσήνεικαν
719 3409 962 3554 τοίσιἝλληξι.
980 3412 1068 3474 οἱδὶ,

136 3520 236 3558 μενον.
257 3506 290 3559 Η.
926 3506 952 3551 Χ
