2378 3840
315 197 399 254 LIB.
431 196 503 252 vm.
537 194 635 252 GAP.
668 197 839 253 98—101c
1008 187 1071 251 265

64 353 128 441 ήδη
144 353 332 422 δοκεόντων
346 353 574 442 κατεργάσθαι
589 347 718 438 άποβάς
733 347 798 417 άπὸ
813 357 881 418 τῶν
891 357 983 417 -υειὲιν
997 376 1071 418 πει-

65 452 201 538 ρήσεται
214 448 441 538 άντιωθήναι,
462 448 535 519 οὔτ’
556 452 593 517 ἐκ
613 456 671 534 τῆς
686 445 828 534 ήπείρου
845 453 959 535 τῆσδε·
986 453 1070 516 οἵτε

64 547 143 637 ἡμῖν
157 546 391 636 ήντιάθησαν,
408 555 529 617 ἔδοσαν
543 553 645 625 δίκας.
668 551 699 613 ελ
711 551 773 632 μέν
789 571 855 613 νυν
872 550 991 632 δοκέει,
1007 544 1070 613 αύ-

65 653 137 715 τίκα
144 644 356 734 πειρεύμεθα
364 648 423 730 τής
433 639 712 728 Πελοποννήσου·
723 649 754 711 ει’
763 646 799 711 δέ
810 646 866 711 καλ
878 645 985 711 δοκέει
996 645 1069 711 έπι-

64 758 171 832 σχεῖν,
192 745 327 828 παρέχει
342 747 469 812 ποιέειν
485 749 598 810 ταῦτα.
618 739 663 828 μή
679 740 716 809 δέ
733 743 920 828 δυσθύμεε·
947 739 990 809 ού
1003 741 1069 828 γάρ

63 848 132 913 ἐστι
148 841 284 929 Ἕλλησι
305 840 443 929 οὐδεμία
462 846 597 920 ἔκδυσις
616 837 660 927 μή
682 837 723 907 ού
744 839 864 919 δόντας
883 838 986 925 λόγον
1002 846 1071 906 τῶν

64 945 226 1029 ἐποίησαν
245 945 311 1006 νύν
327 964 363 1006 τε
382 938 617 1027 καὶπρότερον
632 937 718 1006 εἶναι
733 935 814 1016 σούς
829 937 982 1015 δούλους.
1004 936 1069 1022 μά-

63 1050 159 1109 λιστα
172 1042 235 1125 μέν
255 1063 321 1104 υυν
342 1043 447 1104 ταῦτα
463 1042 571 1106 ποίεε·
600 1042 630 1104 εί
649 1034 681 1103 δ’
701 1035 766 1124 άρα
785 1061 837 1104 τοι
852 1036 1069 1123 βεβούλευται

55 1134 169 1205 ,αὐτόν
190 1134 423 1203 ἀπελαύνοντα
444 1133 588 1221 άπάγειν
607 1131 669 1222 τήν
686 1133 872 1222 στρατιήν,
884 1133 990 1222 άλλην
1007 1139 1069 1218 ἔχω

64 1239 119 1305 καλ
133 1238 169 1303 έκ
186 1239 293 1302 τάνδε
306 1234 444 1322 βουλήν.
469 1232 512 1301 σύ
525 1237 674 1321 Πέρσας,
692 1242 847 1321 βασιλεύ,
868 1232 912 1322 μή
928 1234 1070 1322 ποιήσῃς

64 1332 329 1418 καταγελάστους
358 1334 518 1419 γενέσθαι
539 1331 683 1419 Ἕλλησι.
721 1331 822 1401 οὐδέν
842 1331 907 1420 γάρ
928 1336 965 1401 έν
984 1345 1069 1399 τοῖσι

62 1434 215 1518 Πέρσησί
224 1455 275 1497 τοι
289 1428 468 1517 δεδήληται
476 1433 545 1499 τῶν
554 1427 770 1518 πρηγμάτων,
784 1425 865 1498 ούδὲ
876 1428 975 1516 έρέεις
984 1427 1069 1496 ὅκου

63 1529 250 1616 ἐγενόμεθα
261 1525 382 1616 άνδρες
396 1537 502 1598 κακοί.
527 1536 557 1598 εί
567 1532 603 1596 δὲ
615 1533 768 1608 Φοίνικές
779 1555 814 1596 τε
825 1532 880 1597 καλ
890 1529 1069 1614 Αἰγύπτιοι

63 1630 119 1695 καὶ
132 1627 283 1711 Κύπριοί
294 1653 330 1694 τε
344 1630 401 1695 καλ
414 1633 548 1706 Κίλικες
561 1629 657 1694 κακοὶ
674 1630 844 1714 ἐγένοντο,
868 1623 969 1694 ούδλν
985 1623 1069 1711 πρὸς

63 1725 195 1809 Πέρσας
205 1729 304 1789 τοῦτο
316 1723 476 1812 προσήκει
487 1723 524 1792 τό
536 1725 656 1803 πάθος.
672 1723 735 1812 ήδη
748 1717 797 1792 οἶν
808 1721 920 1813 ἐπειδή
932 1722 1069 1808 ούΠέρ-

63 1843 120 1889 σαι
130 1846 181 1888 τοι
193 1827 296 1889 αλτιοί
304 1827 378 1909 είσι,
396 1825 469 1908 έμολ
479 1829 613 1891 πείθεο·
636 1832 671 1891 ελ
676 1849 727 1890 τοι
739 1825 891 1890 δέδοκται
903 1820 947 1908 μή
959 1845 1070 1908 παρα-

62 1923 188 2007 μένειν,
206 1916 249 1987 σύ
266 1922 329 2005 μὲν
344 1923 378 1999 ές
387 1918 475 2008 ήθεα
485 1918 526 1987 τά
541 1927 692 1988 σεωυτοῦ
706 1919 884 2003 άπέλαννε,
899 1925 957 2005 τῆς
967 1939 1070 2004 στρα-

62 2024 133 2103 τιῆς
146 2014 288 2103 άπάγων
301 2015 339 2086 τό
356 2012 498 2104 πολλόν,
515 2019 570 2106 ἐμὲ
583 2021 622 2086 δέ
633 2038 687 2087 σοι
700 2015 762 2105 χρή
777 2015 989 2105 τὴνἙλλάδα
1003 2041 1070 2084 πα-

62 2127 197 2200 ρασχεϊυ
217 2118 490 2203 δεδουλωμένην,
511 2117 691 2204 τριήκοντα
705 2117 871 2203 μυριάδας
890 2125 952 2184 τοῦ
967 2137 1069 2204 στρα-

61 2221 123 2281 τοῦ
139 2210 397 2299 άπολεξάμενον.
423 2221 535 2281 Ταῦτα
547 2212 694 2294 ἀκούσας
706 2216 829 2302 Ξέρξης
847 2211 891 2292 ὡς
904 2217 940 2281 έκ
955 2220 1069 2281 κακῶν
1086 2227 1132 2279 101

62 2313 163 2398 ἐχάρη
178 2339 214 2379 τε
229 2316 284 2381 καλ
297 2311 407 2401 ήσθη,
431 2311 516 2400 πρός
529 2313 733 2400 Μαρδόνιόν
746 2339 781 2381 τε
798 2315 1068 2401 βουλευσάμενος

62 2417 128 2496 ἔφη
138 2407 400 2494 ὑποκρινέεσθαι
411 2408 573 2500 ὁκότερον
581 2412 713 2499 ποιήσει
721 2412 860 2483 τούτων.
875 2411 919 2493 ὡς
930 2415 1066 2502 δλέβου-

62 2508 178 2576 λεύετο
195 2506 263 2593 άμα
274 2515 433 2594 Περσέων
447 2523 533 2577 τοῖσι
545 2511 759 2597 ἐπικλήτοισι,
776 2514 870 2591 ἔδοξέ
880 2516 914 2578 οί
925 2513 980 2578 καλ
991 2509 1067 2596 Ἀρ-

61 2609 213 2690 τεμισίην
233 2606 266 2683 ές
280 2612 490 2693 συμβουλίην
509 2611 804 2693 μεταπέμψασθαι,
831 2607 882 2675 ότι
903 2608 1069 2693 πρότερον

63 2709 218 2789 ἐφαίνετο
232 2704 342 2790 μούνη
362 2707 487 2770 νοεύσα
511 2703 551 2772 τά
563 2707 700 2790 ποιητέα
714 2697 770 2790 ήν,
792 2702 836 2784 ὡς
849 2707 885 2774 δὲ
897 2703 1031 2774 ἀπίκετο
1045 2704 1066 2792 ἡ

57 2806 260 2892 Ἀρτεμισίη,
284 2805 573 2893 μεταστησάμενος
585 2803 665 2884 τούς
679 2803 817 2891 άλλους,
837 2805 917 2884 τούς
931 2830 967 2873 τε
980 2825 1068 2891 συμ-

61 2904 208 2994 βούλους
226 2902 387 2988 Περσέων
407 2904 462 2971 καὶ
484 2899 564 2981 τούς
583 2901 814 2990 δορυφόρους,
837 2907 925 2982 ἔλεξε
945 2905 1067 2990 Ξέρξης

61 3003 156 3070 τάδε·
185 3001 326 3069 Κελεύει
339 3027 381 3087 με
394 3001 592 3089 Μαρδόνιος
605 3004 751 3089 μένοντα
766 3000 872 3070 αύτού
886 3010 1068 3089 πειρᾶσθαι

62 3107 119 3184 τῆς
133 3099 414 3187 Πελοποννήσου,
431 3099 541 3187 λέγων
560 3100 604 3180 ὥς
616 3128 674 3188 μοι
683 3101 813 3189 Πέρσαι
824 3127 859 3169 τε
872 3103 927 3168 καλ
939 3097 957 3167 ὁ
972 3098 1068 3180 πεζός

62 3194 201 3284 στρατός
216 3194 356 3277 ούδενδς
373 3207 532 3285 μεταίτιοι
552 3198 682 3278 τάθεός
699 3205 780 3284 είσι,
801 3195 886 3266 άλλά
900 3196 1066 3285 βουλομέ-

62 3300 154 3364 νοισί
167 3313 227 3380 σφι
243 3295 369 3379 γένοιτ’
388 3293 433 3365 άν
449 3296 613 3380 ἀπόδεξις.
637 3299 693 3386 ἐμὲ
709 3291 757 3365 άν
774 3293 797 3385 ή
819 3304 923 3364 ταῦτα
937 3296 1066 3364 κελεύει

60 3396 203 3477 ποιέειν,
219 3389 241 3480 ή
252 3391 355 3473 αὐτὸς
371 3397 481 3468 ἐθέλει
493 3397 671 3486 τριήκοντα
682 3396 848 3484 μυριάδας
861 3392 1068 3474 ἀπολεξάμε-
