2378 3832
141 166 203 233 170
509 173 759 235 HERODOTI

140 328 272 416 Πέρσης
291 343 376 399 τουσι
389 328 595 405 Ἀκανθίοισι
610 347 748 424 προεῖπε
767 338 823 403 καὶ
837 334 1026 426 ἐδωρήσατό
1041 356 1146 423 σφεας

140 429 257 515 ἐσθῆτι
263 431 411 516 Μηδικῇ,
419 431 553 500 ἐπαίνεέ
559 458 595 500 τε
604 431 712 520 ὁρέων
723 428 847 512 αύτούς
855 433 1058 520 προθύμους
1068 432 1146 502 ἐόν«

71 536 123 599 u⁷
138 551 197 604 τας
211 529 244 606 ἐς
259 526 320 595 τόν
334 528 483 614 πόλεμον
496 533 551 598 καὶ
561 527 599 599 τό
611 528 743 615 ὄρυγμα
758 526 902 598 ἀκούων.
922 527 976 598 ’Em
989 526 1146 621 Ἀκάνθῳ

141 627 177 694 δὲ
191 624 305 704 ἐόντος
319 627 447 712 Ξέρξεω
462 628 640 716 συνήνεικε
656 625 723 696 ὑπό
739 627 869 696 νούσου
885 624 1074 698 ἀποθανεῖν
1085 627 1147 697 τόν

140 728 323 792 ἐπεστεῶτα
335 732 393 812 τῆς
408 724 571 814 διιόρυχος
581 724 793 813 Ἀρταχαίην,
811 725 953 812 δόκιμον
967 724 1067 794 ἐόντα
1075 752 1147 815 ,πα-

140 819 182 906 ρά
198 823 303 909 Ξέρξη
317 823 374 890 καί
388 826 487 909 γένος
505 821 751 912 Ἀχαιμενίδην,
774 822 921 909 μεγάθεΐ
935 849 972 891 τε
987 826 1146 910 μέγιστον

140 919 239 988 ἐόντα
253 921 412 1007 Περσίαν
428 919 505 990 ’ἀπό
524 921 588 1010 γάρ
602 927 701 991 πέντε
716 926 850 1009 πηχέων
865 928 1049 1009 βασιληίων
1063 919 1141 989 ἀπέ-

143 1031 234 1091 λειπε
255 1023 412 1108 τέσσερας
433 1022 631 1100 δακτύλους·
655 1020 832 1107 φωνέοντά
852 1046 888 1088 τε
907 1021 1066 1109 μέγιστον
1083 1018 1146 1086 ἀν·

140 1117 308 1205 θρύπων,
324 1119 409 1188 ὥστε
422 1124 551 1207 Ξέρξην
558 1116 738 1207 συμφορὴν
752 1119 981 1204 ποιησάμενον
994 1116 1145 1204 μεγάλην

141 1223 302 1298 ἐξενεῖκαί
315 1245 350 1286 τε
370 1217 475 1286 αὐτόν
491 1220 651 1288 κάλλιστα
664 1221 720 1286 καί
732 1217 860 1298 θάψαι·
889 1215 1087 1303 ἐτυμβοχόεε
1108 1217 1145 1283 δὲ

140 1325 229 1386 πάσα
242 1315 264 1406 ἡ
278 1320 424 1406 στρατιή.
453 1319 560 1409 τούτῳ
575 1319 611 1388 δὲ
625 1325 671 1410 τῷ
687 1315 860 1406 Ἀρταχαίῃ
880 1317 1007 1386 θύουσι
1023 1313 1145 1385 Ἀκάν-

139 1429 212 1488 θιοι
227 1421 263 1486 ἐκ
273 1425 483 1505 θεοπροπίου
494 1416 540 1497 ὡς
548 1417 644 1505 ἥρωι,
660 1413 990 1504 ἐποννομάζοντεςτδ
1003 1411 1141 1500 ούνομα.

139 1516 296 1604 βασιλεὺς
306 1516 368 1604 μὲν
382 1515 423 1603 δὴ
434 1520 556 1604 Ξέρξης
566 1512 778 1601 ἀπολομένου
788 1509 984 1599 Ἀρταχαίεω
998 1514 1144 1582 ἐποιέετο

76 1631 125 1684 118
139 1612 336 1700 συμφορὴν,
357 1618 392 1682 οί
406 1615 443 1682 δὲ
459 1611 703 1698 ὑποδεκόμενοι
717 1609 887 1697 Ἑλλήνων
901 1608 965 1698 τὴν
984 1611 1144 1699 στρατιὴν

139 1714 195 1779 καί
215 1715 435 1792 δειπνίζοντες
450 1705 584 1799 ’Ξέρξην
604 1713 638 1789 ἐς
658 1716 727 1777 πᾶν
749 1715 857 1777 κακοῦ
877 1707 1018 1778 ἀπίκατο
1041 1707 1142 1796 ούτοο,

140 1807 224 1877 όόστε
244 1805 423 1878 ἀνάστατοι
443 1813 481 1878 ἐκ
501 1815 571 1876 τῶν
586 1814 702 1877 οἰκίων
722 1809 891 1894 ἐγίνοντο,
912 1805 997 1874 ὅκου
1018 1832 1057 1894 γε
1073 1816 1144 1875 Θα-

138 1915 239 1975 σίοισι
252 1901 338 1991 ύπδρ
355 1913 424 1975 τῶν
434 1909 472 1974 ἐν
485 1913 525 1994 τῇ
537 1903 663 1996 ἠπείρῳ
677 1911 804 1972 πολίων
816 1910 885 1971 τάν
901 1906 1073 1991 σφετέρων
1087 1910 1142 1972 δε-

139 2009 308 2090 ξαμένοισι
321 2003 384 2090 τὴν
398 2008 525 2095 ,Ξέρξεα
540 2000 698 2088 στρατιὴν
717 2004 774 2069 καί
788 2007 976 2069 δειπνίσασι
987 1998 1142 2070 Ἀντίπα-

138 2126 216 2186 τρος
232 2098 251 2168 ό
268 2097 399 2187 Ὀργέος
421 2099 658 2187 ἀραιρημένος,
679 2106 748 2168 τῶν
768 2097 879 2168 ἀστῶν
899 2097 984 2189 ἀνὴρ
1006 2101 1143 2187 δόκιμος

139 2195 236 2283 ὁμοῖα
250 2205 296 2290 τῷ
310 2200 462 2286 μάλιστα,
476 2196 613 2279 ἀπέδεξε
627 2203 660 2278 ἐς
669 2196 707 2266 τό
723 2203 862 2268 δεῖπνον
872 2200 1069 2284 τετρακόσια
1082 2202 1144 2269 τά-

72 2307 121 2362 119
137 2306 242 2365 λαντα
252 2296 418 2385 ἀργυρίου
427 2301 649 2384 τετελεσμένα.
671 2295 778 2376 Ὦςδὲ
789 2304 1027 2386 παραπλησίως
1039 2303 1095 2368 καί
1106 2303 1143 2368 ἐν

137 2401 211 2484 τῇσι
228 2395 347 2486 ἀλλησι
361 2395 474 2467 πόλισι
489 2401 522 2465 οί
534 2398 730 2474 ἐπεστεῶτες
749 2393 995 2465 ἀπεδείκνυσαν
1008 2395 1070 2465 τόν
1082 2397 1143 2466 λό-

137 2519 209 2579 γον.
235 2492 272 2562 τδ
290 2491 355 2581 γάρ
372 2499 510 2563 δεῖπνον
523 2492 656 2576 τοιόνδε
667 2518 700 2560 τι
720 2493 867 2579 ἐγένετο,
889 2488 943 2562 οἷα
962 2494 1000 2560 ἐκ
1014 2501 1143 2564 πολλοῦ

137 2592 263 2680 χρόνον
277 2592 522 2679 προειρημένον
536 2593 678 2678 καὶπερὶ
689 2597 817 2659 πολλοῦ
827 2589 1048 2676 ποιεόμενον·
1062 2602 1142 2659 τοῦ-

137 2713 174 2754 το
189 2691 268 2773 μὲν,
291 2685 335 2766 ὡς
352 2688 521 2756 ἐπύθοντο
540 2687 676 2773 τάχιστα
698 2694 766 2755 τῶν
780 2686 939 2774 κηρύκων
957 2694 1027 2755 τῶν
1046 2710 1141 2775 περι-

139 2784 388 2871 αγγελλόντων,
404 2787 586 2872 δασάμενοι
604 2799 697 2852 σίτου
717 2787 755 2853 ἐν
770 2792 845 2874 τῇσι
863 2785 976 2854 πόλισι
996 2790 1031 2852 οί
1049 2782 1141 2857 ἀστοὶ

138 2882 266 2968 ἀλευρά
276 2909 311 2951 τε
322 2884 378 2951 καί
391 2880 515 2969 ἀλφιτα
526 2885 660 2950 ἐποίευν
671 2882 793 2960 πάντες
804 2885 856 2949 ἐπί
867 2890 974 2968 μῆνας
984 2881 1141 2970 συχνούς,

138 2990 237 3051 τοῦτο
255 2983 291 3050 δὲ
305 2982 428 3069 κτήνεα
440 2980 634 3050 σιτεύεσκον
645 2983 889 3069 ἐξευρίσκοντες
900 2985 996 3066 τιμῆς
1005 2976 1047 3048 τά
1058 2979 1141 3049 κάλ-

137 3090 249 3166 λιστοι,
265 3081 408 3168 ἔτρεφόν
421 3106 457 3148 τε
470 3077 612 3167 ὄρνιθας
622 3085 796 3165 χερσαίους·
807 3081 862 3146 καὶ
871 3084 1047 3164 λιμναίους
1057 3084 1096 3148 ἐν
1106 3105 1142 3146 τε

137 3179 293 3265 οίκήμασι
305 3181 360 3246 καὶ
374 3177 543 3270 λάκκοισι,
565 3179 598 3255 ἐς
611 3173 779 3263 ὑποδοχάς
792 3183 853 3244 τοῦ
867 3181 1027 3268 στρατού,
1041 3183 1139 3244 τοῦτο

66 3329 72 3338 .
137 3275 175 3344 δδ
183 3274 310 3362 χρύσεά
323 3302 359 3344 τε
373 3281 427 3344 καὶ
441 3273 590 3360 ἀργύρεα
603 3273 746 3361 ποτήριά
755 3297 792 3340 τε
806 3274 861 3340 καὶ
872 3276 1138 3360 κρητῆρας-ἐποι-

138 3378 254 3459 εῦντο,
288 3373 345 3442 καί
368 3365 492 3458 τᾶλλα,
527 3371 590 3440 όσα
609 3375 661 3441 ἐπὶ
675 3372 841 3458 τράπεζαν
854 3379 999 3455 τίθεται,
1017 3371 1136 3442 πάντα.
