<?xml version="1.0" encoding="UTF-8"?>
<!DOCTYPE html PUBLIC "-//W3C//DTD XHTML 1.0 Transitional//EN"
    "http://www.w3.org/TR/xhtml1/DTD/xhtml1-transitional.dtd">
<html xmlns="http://www.w3.org/1999/xhtml" xml:lang="en" lang="en">
 <head>
  <title>
</title>
<meta http-equiv="Content-Type" content="text/html;charset=utf-8" />
  <meta name='ocr-system' content='tesseract 3.04.00' />
  <meta name='ocr-capabilities' content='ocr_page ocr_carea ocr_par ocr_line ocrx_word'/>
</head>
<body>
  <div class='ocr_page' id='page_1' title='image "./herodotihistori01herogoog_0140.png"; bbox 0 0 2378 3840; ppageno 0'>
   <div class='ocr_carea' id='block_1_1' title="bbox 258 197 1018 280">
    <p class='ocr_par' dir='ltr' id='par_1_1' title="bbox 258 197 1018 280">
     <span class='ocr_line' id='line_1_1' title="bbox 258 197 1018 280; baseline 0.012 -24"><span class='ocrx_word' id='word_1_1' title='bbox 258 199 345 256; x_wconf 80' lang='grc' dir='ltr'><strong><em>ιιε.</em></strong></span> <span class='ocrx_word' id='word_1_2' title='bbox 378 199 426 280; x_wconf 66' lang='grc' dir='ltr'><strong><em>γι.</em></strong></span> <span class='ocrx_word' id='word_1_3' title='bbox 460 198 558 256; x_wconf 80' lang='grc' dir='ltr'><strong><em>οΑε.</em></strong></span> <span class='ocrx_word' id='word_1_4' title='bbox 591 198 766 260; x_wconf 70' lang='grc' dir='ltr'><strong><em>ἰω-ιω.</em></strong></span> <span class='ocrx_word' id='word_1_5' title='bbox 955 197 1018 264; x_wconf 76' lang='grc'><strong><em>117</em></strong></span> 
     </span>
    </p>
   </div>
   <div class='ocr_carea' id='block_1_2' title="bbox 48 349 1117 3503">
    <p class='ocr_par' dir='ltr' id='par_1_2' title="bbox 48 349 1117 842">
     <span class='ocr_line' id='line_1_2' title="bbox 48 349 1016 447; baseline 0.005 -25"><span class='ocrx_word' id='word_1_6' title='bbox 48 354 64 422; x_wconf 81' lang='grc' dir='ltr'><strong><em>δ</em></strong></span> <span class='ocrx_word' id='word_1_7' title='bbox 82 349 257 442; x_wconf 76' lang='grc' dir='ltr'><strong><em>Ἀγαρίστη</em></strong></span> <span class='ocrx_word' id='word_1_8' title='bbox 281 353 380 443; x_wconf 81' lang='grc' dir='ltr'><strong><em>άλλη,</em></strong></span> <span class='ocrx_word' id='word_1_9' title='bbox 413 353 478 424; x_wconf 85' lang='grc' dir='ltr'><strong><em>άπό</em></strong></span> <span class='ocrx_word' id='word_1_10' title='bbox 502 362 560 443; x_wconf 78' lang='grc' dir='ltr'><strong><em>τῆς</em></strong></span> <span class='ocrx_word' id='word_1_11' title='bbox 579 360 802 436; x_wconf 76' lang='grc' dir='ltr'><strong><em>Κλεισθένεος</em></strong></span> <span class='ocrx_word' id='word_1_12' title='bbox 824 355 1016 447; x_wconf 73' lang='grc' dir='ltr'><strong><em>Ἀγαρίστης</em></strong></span> 
     </span>
     <span class='ocr_line' id='line_1_3' title="bbox 48 449 1015 547; baseline 0.006 -28"><span class='ocrx_word' id='word_1_13' title='bbox 48 471 129 520; x_wconf 75' lang='grc' dir='ltr'><strong><em>σασα</em></strong></span> <span class='ocrx_word' id='word_1_14' title='bbox 153 449 190 520; x_wconf 84' lang='grc' dir='ltr'><strong><em>τό</em></strong></span> <span class='ocrx_word' id='word_1_15' title='bbox 214 450 360 540; x_wconf 74' lang='grc' dir='ltr'><strong><em>οὕνομα,</em></strong></span> <span class='ocrx_word' id='word_1_16' title='bbox 392 451 414 540; x_wconf 80' lang='grc' dir='ltr'><em>ἢ</em></span> <span class='ocrx_word' id='word_1_17' title='bbox 441 452 669 539; x_wconf 81' lang='grc' dir='ltr'><strong><em>συνοικήσασά</em></strong></span> <span class='ocrx_word' id='word_1_18' title='bbox 692 480 728 522; x_wconf 85' lang='grc' dir='ltr'><strong><em>τε</em></strong></span> <span class='ocrx_word' id='word_1_19' title='bbox 755 458 942 547; x_wconf 64' lang='grc' dir='ltr'><strong><em>Ξανθίππῳ</em></strong></span> <span class='ocrx_word' id='word_1_20' title='bbox 968 462 1015 545; x_wconf 75' lang='grc' dir='ltr'><strong><em>τῷ</em></strong></span> 
     </span>
     <span class='ocr_line' id='line_1_4' title="bbox 48 551 1117 648; baseline 0.005 -28"><span class='ocrx_word' id='word_1_21' title='bbox 48 557 201 638; x_wconf 73' lang='grc' dir='ltr'><strong><em>ρίφρονος</em></strong></span> <span class='ocrx_word' id='word_1_22' title='bbox 215 553 270 620; x_wconf 80' lang='grc' dir='ltr'><strong><em>καὶ</em></strong></span> <span class='ocrx_word' id='word_1_23' title='bbox 285 557 404 637; x_wconf 74' lang='grc' dir='ltr'><strong><em>ἔγκυος</em></strong></span> <span class='ocrx_word' id='word_1_24' title='bbox 419 555 520 622; x_wconf 79' lang='grc' dir='ltr'><strong><em>ἐοῦσα</em></strong></span> <span class='ocrx_word' id='word_1_25' title='bbox 532 552 599 622; x_wconf 80' lang='grc' dir='ltr'><strong><em>εέδε</em></strong></span> <span class='ocrx_word' id='word_1_26' title='bbox 612 551 693 636; x_wconf 81' lang='grc' dir='ltr'><strong><em>ὄψιν</em></strong></span> <span class='ocrx_word' id='word_1_27' title='bbox 707 557 744 624; x_wconf 81' lang='grc' dir='ltr'><strong><em>ἐν</em></strong></span> <span class='ocrx_word' id='word_1_28' title='bbox 754 562 800 647; x_wconf 76' lang='grc' dir='ltr'><strong><em>τῷ</em></strong></span> <span class='ocrx_word' id='word_1_29' title='bbox 814 554 922 648; x_wconf 76' lang='grc' dir='ltr'><strong><em>όπνφ,</em></strong></span> <span class='ocrx_word' id='word_1_30' title='bbox 939 557 1015 624; x_wconf 83' lang='grc' dir='ltr'><strong><em>ἐδό-</em></strong></span> <span class='ocrx_word' id='word_1_31' title='bbox 1113 576 1117 585; x_wconf 91' lang='grc'><strong><em>·</em></strong></span> 
     </span>
     <span class='ocr_line' id='line_1_5' title="bbox 48 649 1014 743; baseline 0.008 -27"><span class='ocrx_word' id='word_1_32' title='bbox 48 672 62 716; x_wconf 90' lang='grc' dir='ltr'><strong><em>ε</em></strong></span> <span class='ocrx_word' id='word_1_33' title='bbox 76 649 115 716; x_wconf 73' lang='grc' dir='ltr'><strong><em>δὲ</em></strong></span> <span class='ocrx_word' id='word_1_34' title='bbox 128 650 248 717; x_wconf 81' lang='grc' dir='ltr'><strong><em>λέοντα</em></strong></span> <span class='ocrx_word' id='word_1_35' title='bbox 261 665 386 720; x_wconf 83' lang='grc' dir='ltr'><strong><em>τεκείν·</em></strong></span> <span class='ocrx_word' id='word_1_36' title='bbox 409 656 465 720; x_wconf 85' lang='grc' dir='ltr'><strong><em>καλ</em></strong></span> <span class='ocrx_word' id='word_1_37' title='bbox 482 649 551 740; x_wconf 81' lang='grc' dir='ltr'><strong><em>μετ’</em></strong></span> <span class='ocrx_word' id='word_1_38' title='bbox 570 650 683 738; x_wconf 84' lang='grc' dir='ltr'><strong><em>ὀλίγας</em></strong></span> <span class='ocrx_word' id='word_1_39' title='bbox 696 651 819 743; x_wconf 80' lang='grc' dir='ltr'><strong><em>ἡμέρας</em></strong></span> <span class='ocrx_word' id='word_1_40' title='bbox 833 661 934 723; x_wconf 78' lang='grc' dir='ltr'><strong><em>τίκτει</em></strong></span> <span class='ocrx_word' id='word_1_41' title='bbox 944 664 1014 723; x_wconf 88' lang='grc' dir='ltr'><strong><em>Πε-</em></strong></span> 
     </span>
     <span class='ocr_line' id='line_1_6' title="bbox 48 751 334 842; baseline 0 -25"><span class='ocrx_word' id='word_1_42' title='bbox 48 751 123 818; x_wconf 80' lang='grc' dir='ltr'><strong><em>κλέα</em></strong></span> <span class='ocrx_word' id='word_1_43' title='bbox 137 753 334 842; x_wconf 65' lang='grc' dir='ltr'><strong><em>Ξανθίππῳ.</em></strong></span> 
     </span>
    </p>

    <p class='ocr_par' dir='ltr' id='par_1_3' title="bbox 48 844 1080 2414">
     <span class='ocr_line' id='line_1_7' title="bbox 91 844 1080 938; baseline 0.009 -24"><span class='ocrx_word' id='word_1_44' title='bbox 91 851 225 914; x_wconf 83' lang='grc' dir='ltr'><em>ΜΕΤΑ</em></span> <span class='ocrx_word' id='word_1_45' title='bbox 239 847 276 914; x_wconf 71' lang='grc' dir='ltr'><strong><em>δὲ</em></strong></span> <span class='ocrx_word' id='word_1_46' title='bbox 285 844 323 915; x_wconf 87' lang='grc' dir='ltr'><strong><em>τό</em></strong></span> <span class='ocrx_word' id='word_1_47' title='bbox 339 849 377 916; x_wconf 81' lang='grc' dir='ltr'><strong><em>ἐν</em></strong></span> <span class='ocrx_word' id='word_1_48' title='bbox 387 854 582 933; x_wconf 79' lang='grc' dir='ltr'><strong><em>Μαραθῶνι</em></strong></span> <span class='ocrx_word' id='word_1_49' title='bbox 596 857 710 938; x_wconf 90' lang='grc' dir='ltr'><strong><em>τρῶμα</em></strong></span> <span class='ocrx_word' id='word_1_50' title='bbox 724 851 909 938; x_wconf 85' lang='grc' dir='ltr'><strong><em>γενόμενον</em></strong></span> <span class='ocrx_word' id='word_1_51' title='bbox 922 861 1014 922; x_wconf 89' lang='grc' dir='ltr'><strong><em>Μιλ-</em></strong></span> <span class='ocrx_word' id='word_1_52' title='bbox 1030 869 1080 923; x_wconf 76' lang='lat'><strong><em>132</em></strong></span> 
     </span>
     <span class='ocr_line' id='line_1_8' title="bbox 48 942 1013 1035; baseline 0.005 -22"><span class='ocrx_word' id='word_1_53' title='bbox 48 944 131 1030; x_wconf 81' lang='grc' dir='ltr'><strong><em>ίδης,</em></strong></span> <span class='ocrx_word' id='word_1_54' title='bbox 144 944 377 1032; x_wconf 74' lang='grc' dir='ltr'><strong><em>καὶπρότερον</em></strong></span> <span class='ocrx_word' id='word_1_55' title='bbox 388 942 592 1033; x_wconf 78' lang='grc' dir='ltr'><strong><em>εὐδοκιμέων</em></strong></span> <span class='ocrx_word' id='word_1_56' title='bbox 606 944 696 1034; x_wconf 83' lang='grc' dir='ltr'><strong><em>παρά</em></strong></span> <span class='ocrx_word' id='word_1_57' title='bbox 709 945 926 1035; x_wconf 77' lang='grc' dir='ltr'><strong><em>Ἀθηναίοισι,</em></strong></span> <span class='ocrx_word' id='word_1_58' title='bbox 939 949 1013 1018; x_wconf 89' lang='grc' dir='ltr'><strong><em>τότε</em></strong></span> 
     </span>
     <span class='ocr_line' id='line_1_9' title="bbox 48 1039 1011 1132; baseline 0 -20"><span class='ocrx_word' id='word_1_59' title='bbox 48 1050 134 1112; x_wconf 40' lang='grc' dir='ltr'><strong><em>ἵλλον</em></strong></span> <span class='ocrx_word' id='word_1_60' title='bbox 148 1039 275 1124; x_wconf 80' lang='grc' dir='ltr'><strong><em>αὔξετο.</em></strong></span> <span class='ocrx_word' id='word_1_61' title='bbox 298 1043 434 1131; x_wconf 81' lang='grc' dir='ltr'><strong><em>αἰτήσας</em></strong></span> <span class='ocrx_word' id='word_1_62' title='bbox 449 1046 485 1113; x_wconf 73' lang='grc' dir='ltr'><strong><em>δὲ</em></strong></span> <span class='ocrx_word' id='word_1_63' title='bbox 502 1047 580 1123; x_wconf 82' lang='grc' dir='ltr'><strong><em>νίας</em></strong></span> <span class='ocrx_word' id='word_1_64' title='bbox 597 1044 824 1132; x_wconf 79' lang='grc' dir='ltr'><strong><em>ἑβδομήκοντα</em></strong></span> <span class='ocrx_word' id='word_1_65' title='bbox 840 1049 896 1113; x_wconf 81' lang='grc' dir='ltr'><strong><em>καί</em></strong></span> <span class='ocrx_word' id='word_1_66' title='bbox 910 1066 1011 1132; x_wconf 82' lang='grc' dir='ltr'><strong><em>στρα-</em></strong></span> 
     </span>
     <span class='ocr_line' id='line_1_10' title="bbox 48 1135 1011 1232; baseline 0.001 -22"><span class='ocrx_word' id='word_1_67' title='bbox 48 1141 80 1231; x_wconf 69' lang='grc' dir='ltr'><strong><em>ξν</em></strong></span> <span class='ocrx_word' id='word_1_68' title='bbox 93 1167 128 1210; x_wconf 82' lang='grc' dir='ltr'><strong><em>τε</em></strong></span> <span class='ocrx_word' id='word_1_69' title='bbox 143 1145 198 1211; x_wconf 82' lang='grc' dir='ltr'><strong><em>καί</em></strong></span> <span class='ocrx_word' id='word_1_70' title='bbox 213 1141 363 1230; x_wconf 80' lang='grc' dir='ltr'><strong><em>χρήματα</em></strong></span> <span class='ocrx_word' id='word_1_71' title='bbox 374 1141 590 1230; x_wconf 82' lang='grc' dir='ltr'><strong><em>Ἀθηναίους,</em></strong></span> <span class='ocrx_word' id='word_1_72' title='bbox 606 1141 648 1210; x_wconf 81' lang='grc' dir='ltr'><strong><em>οὐ</em></strong></span> <span class='ocrx_word' id='word_1_73' title='bbox 663 1135 795 1232; x_wconf 84' lang='grc' dir='ltr'><strong><em>φράσας</em></strong></span> <span class='ocrx_word' id='word_1_74' title='bbox 806 1162 883 1231; x_wconf 85' lang='grc' dir='ltr'><strong><em>σφι,</em></strong></span> <span class='ocrx_word' id='word_1_75' title='bbox 899 1141 951 1212; x_wconf 83' lang='grc' dir='ltr'><strong><em>ἐπ’</em></strong></span> <span class='ocrx_word' id='word_1_76' title='bbox 968 1142 1011 1231; x_wconf 76' lang='grc' dir='ltr'><strong><em>ἢν</em></strong></span> 
     </span>
     <span class='ocr_line' id='line_1_11' title="bbox 48 1239 1010 1329; baseline 0.001 -20"><span class='ocrx_word' id='word_1_77' title='bbox 48 1239 295 1327; x_wconf 86' lang='grc' dir='ltr'><strong><em>ιστρατεόσεται</em></strong></span> <span class='ocrx_word' id='word_1_78' title='bbox 304 1241 427 1329; x_wconf 88' lang='grc' dir='ltr'><strong><em>χῶρηυ,</em></strong></span> <span class='ocrx_word' id='word_1_79' title='bbox 439 1239 601 1328; x_wconf 79' lang='grc' dir='ltr'><strong><em>άλλᾶφές</em></strong></span> <span class='ocrx_word' id='word_1_80' title='bbox 612 1241 736 1323; x_wconf 81' lang='grc' dir='ltr'><strong><em>αότοός</em></strong></span> <span class='ocrx_word' id='word_1_81' title='bbox 746 1252 1010 1329; x_wconf 75' lang='grc' dir='ltr'><strong><em>καταπλουτιεῖν,</em></strong></span> 
     </span>
     <span class='ocr_line' id='line_1_12' title="bbox 62 1337 1011 1429; baseline 0.002 -23"><span class='ocrx_word' id='word_1_82' title='bbox 62 1342 98 1406; x_wconf 86' lang='grc' dir='ltr'><strong><em>οί</em></strong></span> <span class='ocrx_word' id='word_1_83' title='bbox 116 1339 271 1406; x_wconf 79' lang='grc' dir='ltr'><strong><em>ἕπωνται·</em></strong></span> <span class='ocrx_word' id='word_1_84' title='bbox 298 1340 350 1408; x_wconf 81' lang='grc' dir='ltr'><strong><em>ἐπί</em></strong></span> <span class='ocrx_word' id='word_1_85' title='bbox 369 1337 434 1428; x_wconf 81' lang='grc' dir='ltr'><strong><em>γάρ</em></strong></span> <span class='ocrx_word' id='word_1_86' title='bbox 451 1340 565 1429; x_wconf 86' lang='grc' dir='ltr'><strong><em>χῶρην</em></strong></span> <span class='ocrx_word' id='word_1_87' title='bbox 584 1340 744 1429; x_wconf 80' lang='grc' dir='ltr'><strong><em>τοιαύτην</em></strong></span> <span class='ocrx_word' id='word_1_88' title='bbox 762 1343 804 1429; x_wconf 87' lang='grc' dir='ltr'><strong><em>δη’</em></strong></span> <span class='ocrx_word' id='word_1_89' title='bbox 817 1368 893 1410; x_wconf 90' lang='grc' dir='ltr'><strong><em>τινα</em></strong></span> <span class='ocrx_word' id='word_1_90' title='bbox 908 1341 1011 1427; x_wconf 85' lang='grc' dir='ltr'><strong><em>άξειν,</em></strong></span> 
     </span>
     <span class='ocr_line' id='line_1_13' title="bbox 48 1431 1012 1526; baseline 0.005 -24"><span class='ocrx_word' id='word_1_91' title='bbox 48 1460 90 1502; x_wconf 79' lang='grc' dir='ltr'><strong><em>ἐν</em></strong></span> <span class='ocrx_word' id='word_1_92' title='bbox 105 1432 233 1522; x_wconf 80' lang='grc' dir='ltr'><strong><em>χρυσόν</em></strong></span> <span class='ocrx_word' id='word_1_93' title='bbox 248 1431 410 1516; x_wconf 77' lang='grc' dir='ltr'><strong><em>εὐπετέως</em></strong></span> <span class='ocrx_word' id='word_1_94' title='bbox 422 1435 582 1524; x_wconf 74' lang='grc' dir='ltr'><strong><em>ἄφθονον</em></strong></span> <span class='ocrx_word' id='word_1_95' title='bbox 594 1448 753 1508; x_wconf 77' lang='grc' dir='ltr'><strong><em>οίσονταν</em></strong></span> <span class='ocrx_word' id='word_1_96' title='bbox 778 1443 886 1526; x_wconf 81' lang='grc' dir='ltr'><strong><em>λόγων</em></strong></span> <span class='ocrx_word' id='word_1_97' title='bbox 896 1446 1012 1508; x_wconf 81' lang='grc' dir='ltr'><strong><em>τοιαῶ-</em></strong></span> 
     </span>
     <span class='ocr_line' id='line_1_14' title="bbox 60 1532 1011 1625; baseline 0.003 -24"><span class='ocrx_word' id='word_1_98' title='bbox 60 1543 148 1603; x_wconf 86' lang='grc' dir='ltr'><strong><em>αίτεε</em></strong></span> <span class='ocrx_word' id='word_1_99' title='bbox 168 1532 227 1612; x_wconf 82' lang='grc' dir='ltr'><strong><em>τὰς</em></strong></span> <span class='ocrx_word' id='word_1_100' title='bbox 243 1536 330 1614; x_wconf 79' lang='grc' dir='ltr'><strong><em>νίας.</em></strong></span> <span class='ocrx_word' id='word_1_101' title='bbox 373 1533 546 1622; x_wconf 76' lang='grc' dir='ltr'><strong><em>Ἀθηναῖοι</em></strong></span> <span class='ocrx_word' id='word_1_102' title='bbox 567 1540 603 1605; x_wconf 76' lang='grc' dir='ltr'><strong><em>δὲ</em></strong></span> <span class='ocrx_word' id='word_1_103' title='bbox 623 1537 771 1606; x_wconf 81' lang='grc' dir='ltr'><strong><em>τούτοισι</em></strong></span> <span class='ocrx_word' id='word_1_104' title='bbox 792 1540 1011 1625; x_wconf 73' lang='grc' dir='ltr'><strong><em>ἐπαερθέντες</em></strong></span> 
     </span>
     <span class='ocr_line' id='line_1_15' title="bbox 48 1631 1078 1722; baseline 0.005 -27"><span class='ocrx_word' id='word_1_105' title='bbox 48 1634 204 1719; x_wconf 71' lang='grc' dir='ltr'><strong><em>τρέδοσαν.</em></strong></span> <span class='ocrx_word' id='word_1_106' title='bbox 247 1631 462 1721; x_wconf 82' lang='grc' dir='ltr'><strong><em>Παραλαβῶν</em></strong></span> <span class='ocrx_word' id='word_1_107' title='bbox 481 1635 518 1703; x_wconf 73' lang='grc' dir='ltr'><strong><em>δέ</em></strong></span> <span class='ocrx_word' id='word_1_108' title='bbox 540 1633 557 1702; x_wconf 87' lang='grc' dir='ltr'><strong>ὁ</strong></span> <span class='ocrx_word' id='word_1_109' title='bbox 573 1634 763 1721; x_wconf 86' lang='grc' dir='ltr'><strong><em>Μιλτιάδης</em></strong></span> <span class='ocrx_word' id='word_1_110' title='bbox 777 1632 840 1720; x_wconf 75' lang='grc' dir='ltr'><strong><em>τὴν</em></strong></span> <span class='ocrx_word' id='word_1_111' title='bbox 852 1631 1012 1722; x_wconf 76' lang='grc' dir='ltr'><strong><em>στρατιὴν</em></strong></span> <span class='ocrx_word' id='word_1_112' title='bbox 1029 1646 1078 1700; x_wconf 75' lang='lat'><strong><em>133</em></strong></span> 
     </span>
     <span class='ocr_line' id='line_1_16' title="bbox 48 1728 1010 1818; baseline -0.003 -18"><span class='ocrx_word' id='word_1_113' title='bbox 48 1739 110 1800; x_wconf 87' lang='grc' dir='ltr'><strong><em>λωε</em></strong></span> <span class='ocrx_word' id='word_1_114' title='bbox 120 1732 174 1799; x_wconf 77' lang='grc' dir='ltr'><strong><em>ἐπὶ</em></strong></span> <span class='ocrx_word' id='word_1_115' title='bbox 183 1728 313 1818; x_wconf 92' lang='grc' dir='ltr'><strong><em>Πάρον,</em></strong></span> <span class='ocrx_word' id='word_1_116' title='bbox 327 1731 500 1818; x_wconf 84' lang='grc' dir='ltr'><strong><em>πρόφασιν</em></strong></span> <span class='ocrx_word' id='word_1_117' title='bbox 512 1737 606 1818; x_wconf 82' lang='grc' dir='ltr'><strong><em>ἔχων,</em></strong></span> <span class='ocrx_word' id='word_1_118' title='bbox 620 1729 664 1809; x_wconf 88' lang='grc' dir='ltr'><strong><em>ῶς</em></strong></span> <span class='ocrx_word' id='word_1_119' title='bbox 679 1735 711 1798; x_wconf 89' lang='grc' dir='ltr'><strong><em>οί</em></strong></span> <span class='ocrx_word' id='word_1_120' title='bbox 720 1731 843 1817; x_wconf 79' lang='grc' dir='ltr'><strong><em>Πάριοι</em></strong></span> <span class='ocrx_word' id='word_1_121' title='bbox 858 1729 1010 1818; x_wconf 80' lang='grc' dir='ltr'><strong><em>ὑπῆρξαν</em></strong></span> 
     </span>
     <span class='ocr_line' id='line_1_17' title="bbox 49 1829 1009 1927; baseline -0.005 -25"><span class='ocrx_word' id='word_1_122' title='bbox 49 1834 160 1922; x_wconf 89' lang='grc' dir='ltr'><strong><em>ότεροι</em></strong></span> <span class='ocrx_word' id='word_1_123' title='bbox 180 1833 438 1920; x_wconf 87' lang='grc' dir='ltr'><strong><em>στρατευόμενοι</em></strong></span> <span class='ocrx_word' id='word_1_124' title='bbox 457 1832 586 1927; x_wconf 73' lang='grc' dir='ltr'><strong><em>τριήρεϊ</em></strong></span> <span class='ocrx_word' id='word_1_125' title='bbox 608 1835 641 1910; x_wconf 86' lang='grc' dir='ltr'><strong><em>ἐς</em></strong></span> <span class='ocrx_word' id='word_1_126' title='bbox 655 1837 859 1918; x_wconf 87' lang='grc' dir='ltr'><strong><em>Μαραθῶνα</em></strong></span> <span class='ocrx_word' id='word_1_127' title='bbox 875 1829 943 1916; x_wconf 76' lang='grc' dir='ltr'><strong><em>ἅμα</em></strong></span> <span class='ocrx_word' id='word_1_128' title='bbox 963 1838 1009 1922; x_wconf 76' lang='grc' dir='ltr'><strong><em>τῷ</em></strong></span> 
     </span>
     <span class='ocr_line' id='line_1_18' title="bbox 48 1921 1009 2019; baseline 0.001 -25"><span class='ocrx_word' id='word_1_129' title='bbox 48 1935 124 2019; x_wconf 74' lang='grc' dir='ltr'><strong><em>ίρση.</em></strong></span> <span class='ocrx_word' id='word_1_130' title='bbox 147 1932 320 2017; x_wconf 77' lang='grc' dir='ltr'><strong><em>τοῦτομὲν</em></strong></span> <span class='ocrx_word' id='word_1_131' title='bbox 335 1927 375 2017; x_wconf 77' lang='grc' dir='ltr'><strong><em>δὴ</em></strong></span> <span class='ocrx_word' id='word_1_132' title='bbox 387 1932 562 2018; x_wconf 86' lang='grc' dir='ltr'><strong><em>πρόσχημα</em></strong></span> <span class='ocrx_word' id='word_1_133' title='bbox 577 1928 683 2014; x_wconf 89' lang='grc' dir='ltr'><strong><em>λόγου</em></strong></span> <span class='ocrx_word' id='word_1_134' title='bbox 695 1921 749 2015; x_wconf 81' lang='grc' dir='ltr'><strong><em>ἦν,</em></strong></span> <span class='ocrx_word' id='word_1_135' title='bbox 764 1925 848 2016; x_wconf 83' lang='grc' dir='ltr'><strong><em>άτάρ</em></strong></span> <span class='ocrx_word' id='word_1_136' title='bbox 864 1953 940 1996; x_wconf 87' lang='grc' dir='ltr'><strong><em>τινα</em></strong></span> <span class='ocrx_word' id='word_1_137' title='bbox 954 1929 1009 1995; x_wconf 84' lang='grc' dir='ltr'><strong><em>καὶ</em></strong></span> 
     </span>
     <span class='ocr_line' id='line_1_19' title="bbox 48 2023 1005 2117; baseline -0.006 -19"><span class='ocrx_word' id='word_1_138' title='bbox 48 2051 140 2098; x_wconf 82' lang='grc' dir='ltr'><strong><em>ιοτον</em></strong></span> <span class='ocrx_word' id='word_1_139' title='bbox 156 2026 219 2114; x_wconf 80' lang='grc' dir='ltr'><strong><em>εἶχε</em></strong></span> <span class='ocrx_word' id='word_1_140' title='bbox 234 2041 319 2097; x_wconf 86' lang='grc' dir='ltr'><strong><em>τοίσι</em></strong></span> <span class='ocrx_word' id='word_1_141' title='bbox 332 2035 489 2117; x_wconf 88' lang='grc' dir='ltr'><strong><em>Παρίοισι</em></strong></span> <span class='ocrx_word' id='word_1_142' title='bbox 510 2025 565 2097; x_wconf 77' lang='grc' dir='ltr'><strong><em>διὰ</em></strong></span> <span class='ocrx_word' id='word_1_143' title='bbox 580 2027 783 2115; x_wconf 90' lang='grc' dir='ltr'><strong><em>Λυσαγόρην</em></strong></span> <span class='ocrx_word' id='word_1_144' title='bbox 798 2023 858 2095; x_wconf 85' lang='grc' dir='ltr'><strong><em>τόν</em></strong></span> <span class='ocrx_word' id='word_1_145' title='bbox 875 2031 1005 2115; x_wconf 82' lang='grc' dir='ltr'><strong><em>Τισίεω,</em></strong></span> 
     </span>
     <span class='ocr_line' id='line_1_20' title="bbox 48 2121 1005 2216; baseline -0.003 -22"><span class='ocrx_word' id='word_1_146' title='bbox 48 2151 100 2195; x_wconf 76' lang='grc' dir='ltr'><strong><em>ντοι</em></strong></span> <span class='ocrx_word' id='word_1_147' title='bbox 116 2130 213 2213; x_wconf 78' lang='grc' dir='ltr'><strong><em>γένος</em></strong></span> <span class='ocrx_word' id='word_1_148' title='bbox 222 2126 371 2215; x_wconf 89' lang='grc' dir='ltr'><strong><em>Πάριον,</em></strong></span> <span class='ocrx_word' id='word_1_149' title='bbox 387 2128 589 2216; x_wconf 76' lang='grc' dir='ltr'><strong><em>διαβαλόντα</em></strong></span> <span class='ocrx_word' id='word_1_150' title='bbox 604 2148 664 2214; x_wconf 86' lang='grc' dir='ltr'><strong><em>μιν</em></strong></span> <span class='ocrx_word' id='word_1_151' title='bbox 677 2123 931 2214; x_wconf 73' lang='grc' dir='ltr'><strong><em>πρόςὙδάρνεα</em></strong></span> <span class='ocrx_word' id='word_1_152' title='bbox 945 2121 1005 2192; x_wconf 84' lang='grc' dir='ltr'><strong><em>τὸν</em></strong></span> 
     </span>
     <span class='ocr_line' id='line_1_21' title="bbox 48 2221 1009 2314; baseline -0.005 -21"><span class='ocrx_word' id='word_1_153' title='bbox 48 2230 145 2314; x_wconf 76' lang='grc' dir='ltr'><strong><em>ρσην.</em></strong></span> <span class='ocrx_word' id='word_1_154' title='bbox 174 2222 377 2312; x_wconf 79' lang='grc' dir='ltr'><strong><em>ἀπικόμενος</em></strong></span> <span class='ocrx_word' id='word_1_155' title='bbox 397 2225 433 2294; x_wconf 80' lang='grc' dir='ltr'><strong><em>δδ</em></strong></span> <span class='ocrx_word' id='word_1_156' title='bbox 454 2229 487 2306; x_wconf 83' lang='grc' dir='ltr'><strong><em>ἐς</em></strong></span> <span class='ocrx_word' id='word_1_157' title='bbox 506 2224 569 2313; x_wconf 76' lang='grc' dir='ltr'><strong><em>τὴν</em></strong></span> <span class='ocrx_word' id='word_1_158' title='bbox 589 2231 695 2294; x_wconf 80' lang='grc' dir='ltr'><strong><em>ἔπλωε</em></strong></span> <span class='ocrx_word' id='word_1_159' title='bbox 718 2221 736 2292; x_wconf 87' lang='grc' dir='ltr'>ὁ</span> <span class='ocrx_word' id='word_1_160' title='bbox 759 2223 948 2308; x_wconf 74' lang='grc' dir='ltr'><strong><em>Μιλτιάδης</em></strong></span> <span class='ocrx_word' id='word_1_161' title='bbox 969 2229 1009 2310; x_wconf 75' lang='grc' dir='ltr'><strong><em>τῇ</em></strong></span> 
     </span>
     <span class='ocr_line' id='line_1_22' title="bbox 48 2318 1008 2414; baseline -0.006 -22"><span class='ocrx_word' id='word_1_162' title='bbox 48 2332 137 2414; x_wconf 79' lang='grc' dir='ltr'><strong><em>ρατιῇ</em></strong></span> <span class='ocrx_word' id='word_1_163' title='bbox 149 2325 340 2412; x_wconf 85' lang='grc' dir='ltr'><strong><em>ἐπολιόρκεε</em></strong></span> <span class='ocrx_word' id='word_1_164' title='bbox 346 2331 495 2413; x_wconf 89' lang='grc' dir='ltr'><strong><em>Παρίους</em></strong></span> <span class='ocrx_word' id='word_1_165' title='bbox 506 2325 763 2410; x_wconf 74' lang='grc' dir='ltr'><strong><em>κατειλημένους</em></strong></span> <span class='ocrx_word' id='word_1_166' title='bbox 771 2318 865 2398; x_wconf 85' lang='grc' dir='ltr'><strong><em>ἐντός</em></strong></span> <span class='ocrx_word' id='word_1_167' title='bbox 876 2327 1008 2405; x_wconf 84' lang='grc' dir='ltr'><strong><em>τείχεος,</em></strong></span> 
     </span>
    </p>

    <p class='ocr_par' dir='ltr' id='par_1_4' title="bbox 48 2412 1075 3503">
     <span class='ocr_line' id='line_1_23' title="bbox 48 2412 1009 2512; baseline -0.007 -22"><span class='ocrx_word' id='word_1_168' title='bbox 48 2426 56 2490; x_wconf 79' lang='grc' dir='ltr'><strong><em>ί</em></strong></span> <span class='ocrx_word' id='word_1_169' title='bbox 77 2425 254 2510; x_wconf 82' lang='grc' dir='ltr'><strong><em>ἐσπέμπων</em></strong></span> <span class='ocrx_word' id='word_1_170' title='bbox 274 2423 404 2512; x_wconf 83' lang='grc' dir='ltr'><strong><em>κη’ρνκα</em></strong></span> <span class='ocrx_word' id='word_1_171' title='bbox 424 2433 512 2492; x_wconf 80' lang='grc' dir='ltr'><strong><em>αδιεε</em></strong></span> <span class='ocrx_word' id='word_1_172' title='bbox 533 2421 652 2490; x_wconf 78' lang='grc' dir='ltr'><strong><em>ἑκατόν</em></strong></span> <span class='ocrx_word' id='word_1_173' title='bbox 672 2421 834 2505; x_wconf 85' lang='grc' dir='ltr'><strong><em>τάλαντα,</em></strong></span> <span class='ocrx_word' id='word_1_174' title='bbox 858 2416 941 2505; x_wconf 79' lang='grc' dir='ltr'><strong><em>φάς,</em></strong></span> <span class='ocrx_word' id='word_1_175' title='bbox 964 2412 1009 2504; x_wconf 73' lang='grc' dir='ltr'><strong><em>ἢν</em></strong></span> 
     </span>
     <span class='ocr_line' id='line_1_24' title="bbox 57 2513 1008 2611; baseline -0.011 -19"><span class='ocrx_word' id='word_1_176' title='bbox 57 2529 92 2592; x_wconf 87' lang='grc' dir='ltr'><strong><em>οί</em></strong></span> <span class='ocrx_word' id='word_1_177' title='bbox 101 2528 193 2611; x_wconf 92' lang='grc' dir='ltr'><strong><em>δῶσι,</em></strong></span> <span class='ocrx_word' id='word_1_178' title='bbox 206 2521 270 2592; x_wconf 83' lang='grc' dir='ltr'><strong><em>οὐκ</em></strong></span> <span class='ocrx_word' id='word_1_179' title='bbox 280 2522 527 2610; x_wconf 78' lang='grc' dir='ltr'><strong><em>ἐπαναστήσειν</em></strong></span> <span class='ocrx_word' id='word_1_180' title='bbox 538 2520 600 2609; x_wconf 78' lang='grc' dir='ltr'><strong><em>τὴν</em></strong></span> <span class='ocrx_word' id='word_1_181' title='bbox 611 2517 779 2607; x_wconf 81' lang='grc' dir='ltr'><strong><em>στρατιὴν,</em></strong></span> <span class='ocrx_word' id='word_1_182' title='bbox 792 2513 903 2603; x_wconf 76' lang='grc' dir='ltr'><strong><em>πρὶνῆ</em></strong></span> <span class='ocrx_word' id='word_1_183' title='bbox 915 2519 1008 2602; x_wconf 85' lang='grc' dir='ltr'><strong><em>ἐξέλη</em></strong></span> 
     </span>
     <span class='ocr_line' id='line_1_25' title="bbox 50 2611 1008 2709; baseline -0.009 -19"><span class='ocrx_word' id='word_1_184' title='bbox 50 2625 113 2700; x_wconf 87' lang='grc' dir='ltr'><strong><em>εὀις.</em></strong></span> <span class='ocrx_word' id='word_1_185' title='bbox 136 2627 171 2690; x_wconf 87' lang='grc' dir='ltr'><strong><em>οί</em></strong></span> <span class='ocrx_word' id='word_1_186' title='bbox 184 2622 220 2690; x_wconf 73' lang='grc' dir='ltr'><strong><em>δὲ</em></strong></span> <span class='ocrx_word' id='word_1_187' title='bbox 231 2623 366 2709; x_wconf 89' lang='grc' dir='ltr'><strong><em>Πάριοι,</em></strong></span> <span class='ocrx_word' id='word_1_188' title='bbox 382 2621 468 2700; x_wconf 86' lang='grc' dir='ltr'><strong><em>όκως</em></strong></span> <span class='ocrx_word' id='word_1_189' title='bbox 482 2624 543 2706; x_wconf 81' lang='grc' dir='ltr'><strong><em>μέν</em></strong></span> <span class='ocrx_word' id='word_1_190' title='bbox 555 2647 589 2688; x_wconf 75' lang='grc' dir='ltr'><strong><em>,τι</em></strong></span> <span class='ocrx_word' id='word_1_191' title='bbox 604 2618 750 2686; x_wconf 83' lang='grc' dir='ltr'><strong><em>διόσουσι</em></strong></span> <span class='ocrx_word' id='word_1_192' title='bbox 761 2615 933 2704; x_wconf 84' lang='grc' dir='ltr'><strong><em>Μιλτιάδη</em></strong></span> <span class='ocrx_word' id='word_1_193' title='bbox 945 2611 1008 2699; x_wconf 85' lang='grc' dir='ltr'><strong><em>άρ-</em></strong></span> 
     </span>
     <span class='ocr_line' id='line_1_26' title="bbox 48 2711 1008 2810; baseline -0.014 -19"><span class='ocrx_word' id='word_1_194' title='bbox 48 2729 139 2810; x_wconf 85' lang='grc' dir='ltr'><strong><em>ρίου,</em></strong></span> <span class='ocrx_word' id='word_1_195' title='bbox 157 2721 236 2790; x_wconf 73' lang='grc' dir='ltr'><strong><em>οὐδὲ</em></strong></span> <span class='ocrx_word' id='word_1_196' title='bbox 251 2727 454 2807; x_wconf 74' lang='grc' dir='ltr'><strong><em>διενοεῦντο,</em></strong></span> <span class='ocrx_word' id='word_1_197' title='bbox 472 2724 506 2788; x_wconf 87' lang='grc' dir='ltr'><strong><em>οί</em></strong></span> <span class='ocrx_word' id='word_1_198' title='bbox 518 2719 565 2806; x_wconf 77' lang='grc' dir='ltr'><strong><em>δέ,</em></strong></span> <span class='ocrx_word' id='word_1_199' title='bbox 582 2716 669 2796; x_wconf 86' lang='grc' dir='ltr'><strong><em>όκως</em></strong></span> <span class='ocrx_word' id='word_1_200' title='bbox 684 2712 929 2800; x_wconf 84' lang='grc' dir='ltr'><strong><em>διαφυλάξουσι</em></strong></span> <span class='ocrx_word' id='word_1_201' title='bbox 944 2711 1008 2798; x_wconf 81' lang='grc' dir='ltr'><strong><em>την</em></strong></span> 
     </span>
     <span class='ocr_line' id='line_1_27' title="bbox 48 2813 1009 2909; baseline -0.009 -19"><span class='ocrx_word' id='word_1_202' title='bbox 48 2831 117 2907; x_wconf 89' lang='grc' dir='ltr'><strong><em>λιν,</em></strong></span> <span class='ocrx_word' id='word_1_203' title='bbox 134 2828 232 2889; x_wconf 78' lang='grc' dir='ltr'><strong><em>τοῦτο</em></strong></span> <span class='ocrx_word' id='word_1_204' title='bbox 247 2822 479 2909; x_wconf 83' lang='grc' dir='ltr'><strong><em>ἐμηχανέοντο,</em></strong></span> <span class='ocrx_word' id='word_1_205' title='bbox 499 2819 582 2888; x_wconf 86' lang='grc' dir='ltr'><strong><em>άλλα</em></strong></span> <span class='ocrx_word' id='word_1_206' title='bbox 602 2845 639 2886; x_wconf 90' lang='grc' dir='ltr'><strong><em>τε</em></strong></span> <span class='ocrx_word' id='word_1_207' title='bbox 656 2813 930 2905; x_wconf 77' lang='grc' dir='ltr'><strong><em>ἐπιφραζόμενοι,</em></strong></span> <span class='ocrx_word' id='word_1_208' title='bbox 953 2815 1009 2881; x_wconf 77' lang='grc' dir='ltr'><strong><em>καὶ</em></strong></span> 
     </span>
     <span class='ocr_line' id='line_1_28' title="bbox 58 2920 1006 3007; baseline -0.005 -20"><span class='ocrx_word' id='word_1_209' title='bbox 58 2920 200 3007; x_wconf 88' lang='grc' dir='ltr'><strong><em>μάλιστα</em></strong></span> <span class='ocrx_word' id='word_1_210' title='bbox 216 2925 291 2988; x_wconf 82' lang='grc' dir='ltr'><strong><em>ἔσκε</em></strong></span> <span class='ocrx_word' id='word_1_211' title='bbox 311 2921 465 2989; x_wconf 79' lang='grc' dir='ltr'><strong><em>ἑκάστοτε</em></strong></span> <span class='ocrx_word' id='word_1_212' title='bbox 486 2922 646 3005; x_wconf 80' lang='grc' dir='ltr'><strong><em>ἐπίμαχον</em></strong></span> <span class='ocrx_word' id='word_1_213' title='bbox 666 2924 727 2984; x_wconf 85' lang='grc' dir='ltr'><strong><em>τοῦ</em></strong></span> <span class='ocrx_word' id='word_1_214' title='bbox 747 2922 886 3002; x_wconf 84' lang='grc' dir='ltr'><strong><em>τείχεος,</em></strong></span> <span class='ocrx_word' id='word_1_215' title='bbox 907 2921 1006 2982; x_wconf 78' lang='grc' dir='ltr'><strong><em>τοῦτο</em></strong></span> 
     </span>
     <span class='ocr_line' id='line_1_29' title="bbox 48 3007 1075 3105; baseline -0.006 -21"><span class='ocrx_word' id='word_1_216' title='bbox 48 3045 67 3084; x_wconf 88' lang='grc' dir='ltr'><strong><em>α</em></strong></span> <span class='ocrx_word' id='word_1_217' title='bbox 82 3021 178 3086; x_wconf 82' lang='grc' dir='ltr'><strong><em>νυκτί</em></strong></span> <span class='ocrx_word' id='word_1_218' title='bbox 193 3020 354 3105; x_wconf 80' lang='grc' dir='ltr'><strong><em>ἐξηείρετο</em></strong></span> <span class='ocrx_word' id='word_1_219' title='bbox 371 3017 546 3103; x_wconf 81' lang='grc' dir='ltr'><strong><em>διπλήσιον</em></strong></span> <span class='ocrx_word' id='word_1_220' title='bbox 560 3023 620 3085; x_wconf 83' lang='grc' dir='ltr'><strong><em>τοῦ</em></strong></span> <span class='ocrx_word' id='word_1_221' title='bbox 638 3014 786 3104; x_wconf 81' lang='grc' dir='ltr'><strong><em>ἀρχαίου.</em></strong></span> <span class='ocrx_word' id='word_1_222' title='bbox 822 3011 872 3093; x_wconf 81' lang='grc' dir='ltr'><strong><em>Ἐς</em></strong></span> <span class='ocrx_word' id='word_1_223' title='bbox 887 3013 950 3100; x_wconf 68' lang='grc' dir='ltr'><strong><em>μὲν</em></strong></span> <span class='ocrx_word' id='word_1_224' title='bbox 963 3007 1005 3098; x_wconf 81' lang='grc' dir='ltr'><strong><em>δη</em></strong></span> <span class='ocrx_word' id='word_1_225' title='bbox 1026 3022 1075 3078; x_wconf 76' lang='lat'><strong><em>134</em></strong></span> 
     </span>
     <span class='ocr_line' id='line_1_30' title="bbox 48 3110 1006 3204; baseline -0.002 -21"><span class='ocrx_word' id='word_1_226' title='bbox 48 3123 138 3183; x_wconf 81' lang='grc' dir='ltr'><strong><em>ῐοῦτο</em></strong></span> <span class='ocrx_word' id='word_1_227' title='bbox 153 3117 335 3204; x_wconf 85' lang='grc' dir='ltr'><strong><em>τοῦλόγου</em></strong></span> <span class='ocrx_word' id='word_1_228' title='bbox 355 3122 389 3186; x_wconf 86' lang='grc' dir='ltr'><strong><em>οί</em></strong></span> <span class='ocrx_word' id='word_1_229' title='bbox 405 3117 528 3196; x_wconf 87' lang='grc' dir='ltr'><strong><em>πάντες</em></strong></span> <span class='ocrx_word' id='word_1_230' title='bbox 541 3113 697 3203; x_wconf 81' lang='grc' dir='ltr'><strong><em>Ἕλληνες</em></strong></span> <span class='ocrx_word' id='word_1_231' title='bbox 717 3117 869 3201; x_wconf 79' lang='grc' dir='ltr'><strong><em>λέγουσι,</em></strong></span> <span class='ocrx_word' id='word_1_232' title='bbox 889 3110 927 3182; x_wconf 79' lang='grc' dir='ltr'><strong><em>τό</em></strong></span> <span class='ocrx_word' id='word_1_233' title='bbox 949 3114 1006 3182; x_wconf 83' lang='grc' dir='ltr'><strong><em>ἐν·</em></strong></span> 
     </span>
     <span class='ocr_line' id='line_1_31' title="bbox 48 3208 1006 3304; baseline -0.006 -20"><span class='ocrx_word' id='word_1_234' title='bbox 48 3223 122 3284; x_wconf 82' lang='grc' dir='ltr'><strong><em>ῡτεν</em></strong></span> <span class='ocrx_word' id='word_1_235' title='bbox 134 3217 170 3283; x_wconf 77' lang='grc' dir='ltr'><strong><em>δὲ</em></strong></span> <span class='ocrx_word' id='word_1_236' title='bbox 182 3214 275 3284; x_wconf 79' lang='grc' dir='ltr'><strong><em>αὐτοὶ</em></strong></span> <span class='ocrx_word' id='word_1_237' title='bbox 286 3217 410 3304; x_wconf 89' lang='grc' dir='ltr'><strong><em>Πάριοι</em></strong></span> <span class='ocrx_word' id='word_1_238' title='bbox 419 3220 579 3302; x_wconf 79' lang='grc' dir='ltr'><strong><em>γενέσθαι</em></strong></span> <span class='ocrx_word' id='word_1_239' title='bbox 592 3208 657 3282; x_wconf 85' lang='grc' dir='ltr'><strong><em>ῶδε</em></strong></span> <span class='ocrx_word' id='word_1_240' title='bbox 667 3215 819 3298; x_wconf 79' lang='grc' dir='ltr'><strong><em>λέγουσι·</em></strong></span> <span class='ocrx_word' id='word_1_241' title='bbox 835 3210 1006 3299; x_wconf 82' lang='grc' dir='ltr'><strong><em>Μιλτιάδη</em></strong></span> 
     </span>
     <span class='ocr_line' id='line_1_32' title="bbox 48 3316 1006 3404; baseline -0.004 -20"><span class='ocrx_word' id='word_1_242' title='bbox 48 3318 176 3404; x_wconf 83' lang='grc' dir='ltr'><strong><em>ορέοντι</em></strong></span> <span class='ocrx_word' id='word_1_243' title='bbox 191 3318 305 3385; x_wconf 75' lang='grc' dir='ltr'><strong><em>ἐλθεῖν</em></strong></span> <span class='ocrx_word' id='word_1_244' title='bbox 317 3320 349 3396; x_wconf 83' lang='grc' dir='ltr'><strong><em>ἐς</em></strong></span> <span class='ocrx_word' id='word_1_245' title='bbox 360 3317 482 3404; x_wconf 90' lang='grc' dir='ltr'><strong><em>λόγους</em></strong></span> <span class='ocrx_word' id='word_1_246' title='bbox 493 3317 701 3404; x_wconf 72' lang='grc' dir='ltr'><strong><em>αἰχμάλωτον</em></strong></span> <span class='ocrx_word' id='word_1_247' title='bbox 712 3328 866 3403; x_wconf 81' lang='grc' dir='ltr'><strong><em>γυνκίκα,</em></strong></span> <span class='ocrx_word' id='word_1_248' title='bbox 882 3316 1006 3384; x_wconf 82' lang='grc' dir='ltr'><strong><em>ἐοῦσαν</em></strong></span> 
     </span>
     <span class='ocr_line' id='line_1_33' title="bbox 48 3405 1006 3503; baseline -0.003 -22"><span class='ocrx_word' id='word_1_249' title='bbox 48 3442 59 3477; x_wconf 75' lang='grc' dir='ltr'><strong><em>ι</em></strong></span> <span class='ocrx_word' id='word_1_250' title='bbox 73 3419 208 3500; x_wconf 90' lang='grc' dir='ltr'><strong><em>Παρίην</em></strong></span> <span class='ocrx_word' id='word_1_251' title='bbox 223 3418 335 3501; x_wconf 82' lang='grc' dir='ltr'><strong><em>γένος,</em></strong></span> <span class='ocrx_word' id='word_1_252' title='bbox 354 3412 484 3503; x_wconf 78' lang='grc' dir='ltr'><strong><em>οὕνομα</em></strong></span> <span class='ocrx_word' id='word_1_253' title='bbox 499 3419 538 3483; x_wconf 84' lang='grc' dir='ltr'><strong><em>δέ</em></strong></span> <span class='ocrx_word' id='word_1_254' title='bbox 549 3405 681 3482; x_wconf 80' lang='grc' dir='ltr'><strong><em>οίείναι</em></strong></span> <span class='ocrx_word' id='word_1_255' title='bbox 698 3416 843 3499; x_wconf 78' lang='grc' dir='ltr'><strong><em>Τιμοῦν,</em></strong></span> <span class='ocrx_word' id='word_1_256' title='bbox 867 3412 951 3480; x_wconf 73' lang='grc' dir='ltr'><strong><em>εἶναι</em></strong></span> <span class='ocrx_word' id='word_1_257' title='bbox 969 3411 1006 3480; x_wconf 72' lang='grc' dir='ltr'><strong><em>δὲ</em></strong></span> 
     </span>
    </p>
   </div>
   <div class='ocr_carea' id='block_1_3' title="bbox 0 0 1194 3840">
    <p class='ocr_par' dir='ltr' id='par_1_5' title="bbox 0 0 1194 3840">
     <span class='ocr_line' id='line_1_34' title="bbox 0 0 1194 3840; baseline 0 0"><span class='ocrx_word' id='word_1_258' title='bbox 0 0 1194 3840; x_wconf 95' lang='lat' dir='ltr'><strong><em> </em></strong></span> 
     </span>
    </p>
   </div>
  </div>
 </body>
</html>
