2378 3840
326 150 412 207 LIB.
446 151 491 207 vl.
526 149 626 207 cAP.
658 153 800 211 λεδ-30.
1026 148 1066 213 71

62 313 181 397 ίβαλε,
199 308 254 378 έπλ
270 309 306 377 δέ
319 314 360 397 τή
375 312 542 396 ναυμαχίη
557 308 728 393 ἐπεγένετο
740 304 890 388 Ἶστιαίος
903 315 1067 399 Λεσβίους

10 456 12 461 -
61 405 172 497 άγων·
187 405 431 493 κεκακωμένων
446 405 483 475 δὲ
499 409 567 472 τῶν
580 411 690 492 Χίων,
712 405 947 496 καταστροφήν
968 406 1068 478 εὐπε-

61 505 144 584 τέως
157 498 271 573 αὐτῶν
284 499 470 590 ἐποιήσατο.
510 498 689 570 Ἐνθεῦτεν
704 504 740 572 δὲ
757 499 934 584 όἹστιαίος
949 507 1066 592 έστρα·
1082 520 1117 576 28

60 601 177 673 τεάετο
189 601 365 672 έπίΘάσον
374 597 468 688 άγων
476 595 599 668 Ἰάνων
609 603 822 670 καλΑίολέων
833 603 987 690 συχνούς.
1008 627 1069 671 πε-

61 703 273 794 ρικατημένῳ
291 702 331 770 δέ
347 703 383 768 οί
397 699 512 769 Θάσον
528 691 615 787 ήλθε
631 696 784 788 ἀγγελίη,
809 699 853 782 ὡς
869 706 904 771 οί
915 704 1070 781 Φοίνικες

52 799 280 879 ,ἀναπλώουσι
295 801 332 868 ἐκ
346 804 404 886 τής
414 798 573 886 Μιλήτου
584 800 636 867 έπί
650 797 713 886 τήν
723 797 829 887 ἀλλην
835 797 976 898 Ἰωνίην.
1003 824 1069 869 πυ-

60 901 212 988 θόμενος
227 896 264 966 δέ
281 903 385 966 ταῦτα
400 896 515 966 Θάσον
528 895 593 983 μέν
611 893 809 985 ἀπόρθητον
826 904 948 987 λείπει,
969 895 1071 977 αὐτὸς

60 1000 100 1071 δέ
110 1000 144 1079 ές
153 993 217 1085 τήν
227 998 358 1084 Λέσβον
371 990 524 1082 ἠπείγετο
537 991 630 1082 ἀγων
643 1001 755 1062 πᾶσαν
765 992 827 1082 τήν
842 996 1009 1084 στρατιήν.
1033 999 1070 1063 έκ

64 1096 198 1184 Λέσβου
213 1090 250 1160 δέ
264 1092 484 1180 λιμαινούσης
500 1095 535 1160 οί
545 1098 602 1179 τῆς
617 1099 770 1180 στρατιῆς
784 1096 891 1180 πέρην
900 1096 1072 1180 διαβαίνει,

61 1198 100 1267 έιι
115 1199 178 1263 τοῦ
188 1189 361 1277 Ἀταρνέος
377 1187 421 1271 άς
437 1188 576 1278 ἀμήσων
589 1187 651 1259 τόν
666 1204 776 1279 σίτου,
792 1191 852 1261 τόν
862 1218 898 1260 τε
908 1196 1070 1260 ἐνθεῦτεν

61 1292 120 1363 καὶ
135 1287 196 1359 τόν
210 1292 247 1359 ἐκ
261 1294 392 1358 Καΐκου
406 1293 541 1377 πεδίου,
561 1286 622 1358 τόν
633 1296 702 1358 τῶν
712 1296 855 1359 Μυσῶν.
884 1292 922 1359 έν
937 1289 972 1357 δὲ
990 1288 1070 1357 τοό-

61 1408 150 1463 τοισι
160 1401 244 1458 τοισι
255 1394 405 1475 χωρίοισι
417 1387 577 1474 έτόγχανε
586 1385 652 1457 έών
661 1385 1069 1478 ἈρπαγοςάνήρΠίρσης,

61 1483 248 1578 στρατηγός
265 1492 419 1574 στρατιῆς
434 1481 497 1554 οὐκ
511 1481 642 1573 ὀλίγης,
658 1484 695 1566 ός
710 1491 745 1554 oc
759 1483 924 1574 ἀποβάντι
939 1492 1070 1572 συμβα-

60 1584 134 1660 λάν
148 1583 254 1658 αὐτόν
268 1612 304 1655 τε
311 1583 469 1656 Ἱστιαίου
476 1593 597 1677 ζωγρίη
608 1593 706 1678 ἔλαβε
717 1590 772 1657 καί
782 1586 843 1657 τόν
854 1585 997 1677 στρατόν
1008 1583 1071 1655 αό-

62 1697 125 1762 τοῦ
138 1685 200 1758 τόν
216 1691 305 1758 πλέω
323 1689 505 1776 διέφθειρε.
537 1685 729 1777 Ἐζωγρήθη
745 1687 782 1757 δέ
796 1686 976 1768 ὁἹστιαίος
988 1680 1068 1756 οἶδε·
1084 1699 1119 1754 29

61 1787 109 1869 ὥς
120 1785 281 1876 ἐμάχοντο
294 1790 328 1856 οί
334 1782 491 1873 Ἕλληνες
500 1799 586 1854 τοῖσι
596 1789 745 1876 Πέρσησι
757 1788 794 1854 έν
804 1793 845 1876 πή
856 1786 1003 1874 Μαλήνη
1014 1790 1071 1871 τής

59 1878 300 1974 Ἀταρνείτιδος
309 1881 434 1971 χάρης,
451 1885 486 1950 οί
493 1883 556 1968 μὲν
568 1884 777 1951 συνέστασαν
786 1882 912 1972 χρόνον
924 1883 976 1950 ἐπὶ
987 1889 1071 1949 πολ-

60 1982 144 2072 λόν,
160 1980 181 2072 ἡ
198 1983 234 2052 δέ
247 1985 348 2062 ἵππος
362 1981 506 2070 ὕστερον
520 1979 707 2070 ὁρμηθεῖσα
723 1985 889 2052 ἐπιπίπτει
903 1995 987 2049 τοῖσι
994 1978 1072 2049 Ἕλ-

63 2091 157 2171 λησι·
183 2079 272 2151 τότε
288 2078 329 2168 δή
347 2086 447 2168 ἔργον
466 2088 524 2169 τῆς
539 2085 645 2150 ἵππου
660 2089 759 2151 τοῦτο
775 2084 921 2168 ἐγένετο,
944 2082 999 2150 καί
1016 2107 1071 2149 τε-

62 2177 514 2268 τραμμένωυτῶνἙλλήνων
525 2177 543 2248 ὁ
553 2177 703 2260 Ἱστιαῖος
711 2183 850 2261 ἐλπίζων
861 2176 924 2248 οὐκ
931 2176 1071 2248 ἀπολέε-

61 2289 148 2348 σθαι
167 2273 234 2344 ἀπὸ
253 2281 405 2366 βασιλέος
420 2277 475 2347 διά
494 2275 556 2366 τήν
571 2285 764 2367 παρεοῦσαν
782 2274 957 2368 ἀμαρτάδα
972 2287 1072 2366 φιλο-

65 2380 188 2464 ψυχίην
198 2375 332 2464 τοιήνδε
343 2374 419 2445 τινά
431 2373 636 2464 ἀναιρέεται·
658 2374 702 2456 άς
712 2377 851 2464 φεύγων
860 2402 896 2445 τε
907 2384 1072 2462 κατελαμ·

61 2474 186 2564 βάνετο
206 2470 266 2542 ὑπ’
292 2471 417 2562 ἀνδρός
431 2477 570 2564 Πέρσεω
593 2476 649 2544 καί
671 2471 715 2555 ὡς
732 2474 990 2562 καταιρεόμενος
1009 2470 1069 2547 ἀπ’

62 2568 172 2641 αὐτοῦ
186 2575 301 2658 έμελλε
312 2571 658 2659 συγκεντηθήσεσθαι,
669 2574 817 2658 Περσίδα
827 2577 983 2657 γλῶσσαν
993 2595 1072 2657 μετ·

63 2672 112 2748 είς
128 2669 335 2757 καταμηνύει
352 2665 497 2756 ἑωυτόν,
515 2665 560 2747 ὡς
575 2677 625 2754 εἴη
634 2665 784 2746 Ἱστιαῖος
794 2664 812 2736 ὁ
824 2666 1001 2755 Μιλήσιος.
1028 2672 1071 2735 Ec
1085 2684 1120 2738 30

61 2768 127 2855 μέν
140 2793 224 2856 νυν,
240 2765 284 2847 ὡς
299 2767 490 2856 ἐζωγρήθη,
506 2764 638 2856 ἀνήχθη
653 2763 817 2854 ἀγόμενος
832 2764 923 2855 παρά
933 2767 1072 2856 βασιλέα

63 2876 230 2955 Δαρείου,
247 2863 265 2936 ὁ
282 2868 318 2935 δέ
333 2865 405 2936 οὔτ’
422 2862 466 2936 ἀν
483 2872 590 2937 ἔπαθε
606 2864 713 2937 κακόν
727 2864 829 2936 οὐδέν
844 2870 974 2937 δοκέειν
989 2870 1071 2955 έμοί,

61 2961 174 3051 ἀπήκέ
184 2961 215 3031 τ’
229 2958 273 3031 άν
290 2961 381 3056 αὐτῷ
394 2963 457 3053 ’τήν
472 2973 597 3054 αἰτίην·
620 2974 685 3035 νῦν
700 2969 740 3035 δέ
746 2994 805 3054 μιν
819 2964 931 3035 αὐτῶν
944 2992 981 3034 τε
991 2964 1072 3034 τού-

62 3087 133 3131 των
145 3065 283 3150 ε’ίνεκεν,
299 3065 355 3132 καί
368 3062 481 3152 ἵναμή
494 3062 672 3153 διαφυγών
686 3057 780 3144 αὖτις
790 3067 892 3151 μέγας
903 3059 994 3150 παρά
1007 3069 1072 3150 βα-

62 3157 151 3227 σιλέϊ
163 3158 314 3248 γένηται,
327 3157 552 3251 Ἀρταφέρνης
566 3188 602 3230 τε
618 3158 635 3229 ὁ
648 3165 808 3249 Σαρδίων
819 3159 967 3247 ὕπαρχος
981 3155 1037 3229 καί
1054 3155 1071 3224 ὁ

62 3252 370 3347 λαβόννἈρπαγος,
383 3257 428 3340 ὡς
439 3257 575 3330 ἀπίκετο
585 3257 751 3349 ἀγόμενος
763 3261 796 3338 ές
805 3258 944 3344 Σάρδις,
959 3255 996 3326 τό
1009 3255 1071 3344 μέν

62 3351 171 3423 αὐτοῦ
182 3360 277 3442 σῶμα
288 3352 394 3426 αὐτοῦ
403 3357 508 3450 ταότη
519 3354 791 3445 ἀνεσταύρωσαν,
798 3351 861 3445 τήν
872 3353 909 3425 δέ
919 3352 1071 3441 κεφαλήν
