2378 3840
112 174 173 236 126
488 173 738 230 HERODOTI

111 343 178 404 τῶν
193 333 305 404 ἄλλων
315 335 475 421 Περσέων
492 329 533 398 ού
550 329 715 416 πρότερον
728 327 909 416 παύσομαι,
924 327 1036 416 πρὶνὴ
1052 334 1117 400 ἕλω

110 438 215 504 τεκαὶ
234 434 381 520 πυράσω
396 428 454 510 τάς
473 427 635 516 Ἀθήνας,
656 431 748 514 οἵγε
768 430 824 514 ἐμὲ
844 430 899 495 καὶ
916 431 1040 515 πατέρα
1056 427 1117 498 τδν

111 531 193 621 ἐμόν
213 531 366 618 ὑπῆρξαν
391 528 490 597 άδικα
510 534 698 604 ποιεῦντες·
726 533 840 612 πρῶτα
857 530 919 613 μὲν
940 529 972 606 ές
988 529 1116 615 Σάρδις

111 634 268 710 ἐλθόντες
285 629 353 717 ἅμα
371 627 588 716 Ἀρισταγόρῃ
600 634 646 718 τῷ
661 632 835 716 Μιλησίῳ,
856 627 966 718 δούλῳ
983 629 1019 696 δὲ
1033 626 1115 716 ἡμεω

111 735 205 821 τέρῳ,
220 726 418 813 άπικόμενοι
430 729 616 811 ἐνέπρησαν
626 725 667 791 τά
678 751 714 792 τε
724 722 825 792 άλσεα
836 726 891 792 καλ
902 724 942 792 τά
953 724 1021 813 ίρά,
1037 733 1113 794 δεν-

110 853 189 914 τερα
205 827 240 894 δέ
254 822 356 912 ἡμέας
368 820 421 890 οἷα
433 826 533 910 ἔρξαν
544 825 576 900 ές
586 818 648 907 τὴν
662 824 826 908 σφετέρην
841 820 1042 908 ἀποβάντας,
1060 822 1113 891 ὅτε

109 930 214 1001 Δᾶτίς
224 948 260 990 τε
271 923 327 990 καὶ
338 920 560 1009 Ἀρταφέρνης
571 920 808 1010 ἐστρατήγεον,
841 921 1027 989 ἐπίστασθέ
1053 950 1114 990 κον

78 1039 96 1094 3
111 1020 242 1098 πάντες.
286 1018 424 1085 Τούτων
445 1021 559 1104 μέντοι
575 1021 703 1085 εἵνεκεν
718 1015 904 1104 ἀνάρτημαι
923 1019 975 1086 ἐπ’
993 1019 1114 1098 αὐτούς

112 1118 370 1205 στρατεύεσθαι,
391 1113 505 1201 άγαθά
526 1115 562 1182 δὲ
585 1119 621 1182 ἐν
638 1112 767 1183 αύτοίσι
787 1115 907 1184 τοσάδε
927 1114 1115 1203 ἀνευρίσκω

111 1215 338 1302 λογιζόμενος·
361 1219 392 1282 ελ
403 1214 543 1292 τούτους
559 1239 594 1280 τε
610 1217 665 1281 καὶ
679 1210 758 1291 τούς
768 1214 915 1283 τούτοισι
930 1217 1115 1302 πλησιοχώ-

112 1341 193 1405 ρους
203 1312 512 1400 καταστρεψόμεθα,
530 1319 564 1380 οἳ
571 1313 723 1390 Πέλοπος
737 1320 798 1379 τοῦ
809 1312 943 1399 Φρυγὸς
958 1316 1113 1401 νέμονται

111 1413 240 1500 χάρην,
266 1419 331 1498 γῆν
351 1408 413 1498 τὴν
432 1415 581 1494 Περσίδα
607 1408 812 1497 ἀποδέξομεν
831 1417 877 1501 τῷ
899 1409 984 1490 Διός
1004 1416 1114 1500 αἰθέρι

49 1503 56 1515 ’
112 1509 353 1598 ὁμουρέουσαν.
382 1507 424 1578 ού
443 1506 507 1595 γάρ
524 1507 563 1595 δὴ
578 1510 691 1596 χάρην
705 1534 744 1594 γε
758 1505 924 1594 οὐδεμίαν
937 1509 1119 1589 κατόψεται

113 1608 234 1695 ὁὴλιος
245 1605 476 1697 ὁμουρέουσαν
484 1611 527 1693 τῇ
537 1603 693 1694 ἡμετέρη,
708 1603 793 1675 άλλά
809 1625 913 1693 σφεας
928 1605 1036 1685 πάσας
1051 1606 1114 1693 έγά

113 1704 182 1790 άμα
199 1701 280 1791 ὑμῖν
299 1710 380 1790 μίαν
398 1704 511 1791 χάρην
525 1705 640 1790 θήσω,
664 1701 718 1772 διά
737 1705 844 1792 πάσης
860 1703 1042 1785 διεξελθών
1059 1713 1115 1791 τῆς

113 1801 287 1889 Εὐρύτης.
308 1803 527 1889 πυνθάνομαι
541 1801 605 1889 γάρ
624 1794 690 1870 οἶδε
705 1807 809 1888 ἔχειν,
830 1800 908 1872 ούτε
923 1799 998 1869 τινά
1015 1801 1114 1870 πόλιν

113 1899 249 1986 ἀνδρῶν
263 1898 424 1988 οὐδεμίαν
439 1901 516 1971 ούτε
533 1909 634 1981 ἔθνος
654 1899 755 1970 οὐδὲν
770 1900 964 1990 ἀνθρώπων
979 1900 1117 1971 ὑπολεί-

113 2010 253 2087 πεσθαι,
268 1996 306 2067 τό
323 1996 404 2087 ἡμίν
419 1995 493 2066 οἷόν
509 2025 544 2066 τε
560 2004 650 2065 ἔσται
665 2001 778 2067 έλθεῖν
793 2002 826 2078 ές
840 1999 964 2086 μάχην,
985 1998 1116 2067 τούτων

111 2103 181 2163 τῶν
192 2097 346 2175 κατέλεξα
362 2093 687 2182 ὑπεξαραιρημένων.
716 2095 805 2164 οὕτω
821 2099 905 2165 οἵτε
920 2094 1001 2186 ἡμῖν
1016 2106 1115 2165 αίτιοι

79 2212 97 2265 λ
111 2197 223 2275 ἕξουσι
235 2192 373 2262 δούλιον
384 2189 485 2277 ζυγόν
496 2196 572 2261 οἵτε
582 2191 734 2263 ἀναίτιοι.
752 2193 858 2281 Ὑμεῖς
870 2194 901 2263 δ’
915 2194 958 2264 άν
969 2223 1026 2282 μοι
1037 2196 1116 2264 τάδε

113 2294 281 2370 ποιέοντες
295 2296 501 2378 χαρίζοισθε·
530 2289 631 2359 ἐπεάν
651 2289 733 2378 ὑμῖν
753 2293 891 2380 σημήνω
905 2291 965 2361 τόν
979 2293 1129 2381 χρόνον,

114 2394 147 2470 ἐς
159 2387 220 2457 τόν
233 2387 329 2475 -ἡκειν
348 2391 413 2474 δεῖ,
438 2391 623 2479 προθύμως
639 2392 748 2462 πάντα
756 2392 830 2463 τινά
840 2388 1024 2482 ύμέωνχρὴ
1030 2389 1117 2462 'om

113 2502 283 2576 παρεῖναι·
305 2484 342 2566 δς
357 2485 402 2555 άν
418 2490 454 2555 δὲ
469 2492 552 2572 ἔχων
566 2485 631 2574 ἡκη
641 2489 957 2572 παρεσκευασμένον
972 2485 1115 2573 στρατὸν

90 2596 93 2600 ’
113 2589 288 2674 κάλλιστα,
311 2587 409 2658 δύσω
425 2594 459 2659 οί
477 2592 585 2674 δῶρα,
602 2584 642 2655 τά
656 2586 834 2673 τιμιώτατα
850 2592 1015 2673 νομίζεται
1030 2583 1116 2654 εἶναι

114 2689 151 2754 έν
168 2683 338 2773 ἡμετέρου.
363 2692 498 2774 ποιητέα
511 2690 573 2768 μέν
590 2712 656 2752 νυν
675 2684 779 2754 ταῦτά
794 2687 862 2752 ἐστι
877 2683 982 2770 οὕτω,
1005 2686 1065 2751 ἵνα
1080 2684 1116 2751 δὲ

113 2779 157 2870 μὴ
173 2784 417 2869 ἰδιοβουλεύειν
433 2783 516 2868 ύμῖν
531 2785 653 2871 δοκέω,
674 2789 791 2870 τίθημι
805 2781 842 2850 τδ
858 2788 994 2869 πρῆγμα
1009 2785 1043 2862 ές
1057 2782 1116 2868 με’-

113 2905 190 2967 σον,
210 2880 350 2969 γνύμην
369 2882 517 2951 κελεύων
536 2880 649 2969 ὑμέων
664 2882 724 2952 τόν
742 2883 952 2971 βουλόμενον
967 2879 1117 2970 ἀποφαί-

79 2996 96 3050 9
112 2989 242 3049 νεοθαι.
277 2987 389 3048 Ταῦτα
404 2989 497 3059 εἴπας
513 2981 662 3051 ἐπαύετο.
696 2979 782 3049 Μετ’
800 2978 905 3048 αύτδν
919 2979 955 3047 δὲ
970 2979 1117 3067 Μαρδό-

113 3103 184 3155 νιος
198 3083 306 3162 ἔλεγε·
338 3070 378 3145 Ὦ
393 3081 551 3164 δέσποτα,
573 3076 614 3147 ού
627 3085 757 3165 μοῦνον
778 3075 822 3156 είς
839 3084 907 3146 τῶν
922 3085 1117 3166 γενομένων

111 3182 271 3265 Περσέων
286 3175 429 3265 άριστος,
444 3176 528 3249 ἀλλὰ
540 3182 594 3249 καὶ
604 3188 672 3248 τῶν
682 3180 860 3267 ἐσομένων,
876 3177 913 3258 ὃς
927 3178 967 3248 τά
981 3206 1018 3249 τε
1031 3178 1115 3250 ἄλλα

112 3283 220 3363 λέγων
232 3279 342 3346 ἐπίκεο
354 3277 472 3365 άριστα
487 3281 542 3346 καὶ
555 3277 773 3365 ἀληθέστατα,
793 3277 971 3358 καλἼωνας
984 3277 1065 3360 τούς
1080 3283 1116 3348 έν

113 3385 152 3466 τῇ
166 3373 315 3466 Εύριόπη
330 3381 590 3464 κατοικημένους
604 3377 666 3447 οὐκ
680 3378 787 3456 έάσεις
801 3378 1023 3463 καταγελάσαι
1035 3375 1115 3466 ἡμῖν
