2378 3840
299 197 381 252 ιιο.
416 197 482 251 vm.
516 196 616 252 σου.
650 203 840 269 emm.
1008 197 1068 256 τοι

65 347 251 437 ἀρξάμενος
262 349 327 418 άπὸ
339 356 588 438 τοῦΣιδωνίον,
596 357 630 420 οί
638 353 701 438 μέν
712 351 752 439 δή
763 352 858 422 άλλοι
868 354 951 422 κατά
963 353 1069 422 τάυτό

67 448 206 533 γνωμην
227 450 439 536 ἐξεφέροντο,
462 448 655 528 κελεύοντες
676 459 863 538 ναυμαχίην
884 456 1069 539 ποιέεσθαι,

64 543 247 631 Ἀρτεμισίη
264 547 300 613 δὲ
315 546 394 613 τάδε
408 551 489 632 ἐφη·
511 543 616 614 Εἶπαί
629 572 686 633 μοι
700 545 784 633 πρὸς
797 553 951 636 βασιλέα,
968 557 1070 634 Μαρ-
1083 575 1105 613 α

67 640 176 726 δύντε,
198 637 242 720 ὡς
255 640 319 728 έγώ
336 641 415 710 τάδε
428 645 531 729 λέγω·
561 641 638 710 ούτε
653 653 813 731 κακίστην
827 651 1012 734 γενομένην
1033 648 1071 714 έν

66 745 140 826 τῇσι
160 747 360 829 ναυμαχίῃσι
375 747 450 830 τῇσι
470 737 554 825 πρδς
568 737 697 830 Εὐβοίῃ
717 739 795 811 οὔτε
816 745 968 829 ἐλάχιστα
985 742 1071 831 άπο-

66 840 259 924 δεξαμένην,
267 842 420 927 δέσποτα,
432 837 494 926 τήν
505 843 629 907 ἐοῦσαν
639 840 779 927 γνάμην
789 868 830 928 με
841 843 972 911 δίκαιόν
981 845 1070 910 ἐστιν

65 932 347 1023 ἀποδείκνυσθαι,
367 935 408 1004 τά
424 938 578 1024 τυγχάνω
592 942 785 1026 φρονέουσα
800 938 919 1028 ἄριστα
935 945 968 1019 ἐς
982 941 1070 1027 πρή-

65 1060 172 1118 γματα
187 1035 227 1101 τά
245 1035 297 1103 σά.
322 1042 380 1104 καί
391 1063 442 1105 τοι
457 1037 536 1106 τάδε
550 1041 653 1125 λέγω,
674 1043 788 1124 φείδεο
802 1047 871 1108 τάν
885 1048 973 1110 νεῶν
986 1043 1069 1127 μηδὲ

65 1137 253 1216 ναυμαχίην
267 1131 368 1198 ποιέο.
412 1138 447 1201 οί
454 1132 518 1221 γάρ
530 1135 651 1222 ἄνδρες
661 1142 729 1202 τῶν
740 1143 811 1203 σῶν
823 1137 959 1223 ἀνδρῶν
970 1143 1069 1227 κρέσ-

65 1251 162 1308 σονες
175 1230 316 1300 τοσοῦτό
332 1238 395 1301 είσι
409 1232 492 1301 κατά
509 1234 703 1321 θάλασσαν,
719 1235 801 1304 ὅσον
813 1236 934 1324 ἄνδρες
948 1266 1069 1326 γυναι-

65 1338 143 1399 κῶν.
166 1338 201 1398 τί
212 1332 247 1399 δὲ
261 1329 395 1412 πάντως
420 1340 476 1402 δεί
498 1356 535 1402 σε
556 1341 755 1424 ναυμαχίῃσι
770 1334 1068 1419 άνακινδυνεύειν;

64 1431 126 1500 οὐκ
147 1438 230 1517 ἔχεις
249 1433 311 1520 μέν
328 1432 386 1512 τὰς
403 1432 565 1521 Ἀθήνας,
598 1439 731 1522 τῶνπερ
759 1439 888 1504 εἵνεκεν
909 1434 1070 1524 ὡρμήθης

63 1532 322 1620 στρατεύεσθαι,
339 1540 422 1621 ἔχεις
436 1535 472 1602 δέ
488 1532 549 1622 τήν
563 1533 670 1621 ἄλλην
685 1531 842 1616 madon
862 1532 1018 1620 ἐμποδών
1033 1537 1072 1600 δέ
1146 1611 1152 1630 ἱ

63 1660 114 1701 τοι
127 1636 257 1702 ’ίσταται
270 1632 396 1713 οὐδείς·
420 1643 455 1704 οἳ
464 1639 504 1704 δέ
510 1662 561 1703 τοι
572 1632 786 1721 άντέστησαν,
802 1631 996 1722 ἀπήλλαξαν
1007 1631 1070 1699 οὕ-

65 1758 126 1815 τω,
143 1727 187 1806 ὡς
203 1733 352 1807 ἐκείνους
366 1735 496 1817 ἐπρεπε.
522 1737 571 1818 Ty}
582 1735 618 1798 δὲ
633 1729 698 1816 ἐγώ
713 1733 818 1798 δοκέω
836 1728 1068 1818 ἀποβήσεσθαι
1083 1733 1105 1812 β

64 1827 103 1895 τά
115 1833 183 1895 των
194 1824 424 1912 ἀντιπολέμων
434 1828 621 1914 πρήγματα,
633 1835 731 1894 τοῦτο
741 1826 877 1913 φράσω·
895 1824 939 1914 ήν
949 1830 1012 1913 μὲν
1023 1825 1066 1912 μή

66 1930 218 2013 ἐπειχθῇς
238 1933 427 2012 ναυμαχίην
445 1919 662 2012 ποιεύμενος,
685 1921 769 1993 ἀλλά
786 1922 845 2003 τάς
865 1928 942 2002 νέας
962 1923 1068 1991 αὐτοῦ

66 2034 137 2114 ἐχῃς
151 2023 235 2111 πρὸς
249 2031 291 2114 γή
306 2028 434 2111 μένων,
450 2023 473 2112 ή
488 2029 543 2094 καὶ
557 2032 752 2112 προβαίνων
767 2026 799 2102 ές
815 2022 878 2110 τήν
890 2024 1068 2092 Πελοπόν-

62 2144 183 2210 νησον,
209 2120 370 2200 εὐπετέως
385 2149 452 2209 τοι,
475 2125 633 2207 δέσποτα,
650 2121 798 2208 χωρήσει
812 2120 852 2189 τά
869 2125 975 2190 νοέων
989 2120 1066 2205 έλή-

61 2231 178 2300 λυθας.
208 2218 250 2290 ού
263 2219 328 2306 γάρ
346 2215 414 2289 οἷοί
430 2246 466 2288 τε
486 2218 613 2290 πολλὸν
628 2219 754 2305 χρόνον
769 2224 835 2287 είσί
844 2245 896 2286 τοι
916 2214 1065 2302 ἀντέχειν

62 2328 95 2390 οί
101 2321 267 2408 Ἕλληνες,
277 2319 362 2389 ἄλλά
373 2339 479 2406 σφεας
490 2324 675 2409 διασκεδᾷς,
685 2314 769 2385 κατὰ
780 2317 877 2394 πόλις
888 2316 924 2384 δέ
933 2319 1065 2383 ἕκαστοι

63 2419 250 2502 φεύξονται.
275 2415 352 2484 οὔτε
367 2414 433 2502 γάρ
451 2431 540 2496 σῖτος
553 2442 645 2501 παρα
662 2421 757 2501 σφίσι
769 2417 806 2482 έν
820 2421 860 2500 τῃ
876 2414 967 2503 νήσω
982 2412 1065 2479 ταύ-

63 2542 117 2602 τῃ,
142 2512 186 2591 ὡς
201 2511 265 2599 ἐγω
280 2513 518 2599 πυνθάνομαι,
535 2512 612 2579 οὔτε
627 2509 751 2589 αὐτούς
765 2513 873 2596 οἰκός,
895 2507 939 2596 ήν
954 2508 997 2576 σύ
1014 2511 1067 2576 ἐπὶ

62 2613 122 2700 τήν
135 2612 399 2699 Πελοπόννησον
420 2613 565 2700 ἐλαύνῃς
585 2610 646 2681 τδν
664 2609 766 2692 πεζὸν
786 2607 946 2694 στρατόν,
969 2607 1066 2690 άτρε·

61 2715 167 2798 μιέειν
187 2706 267 2788 τούς
287 2714 419 2778 ἐκεῖθεν
434 2708 548 2778 αὐτῶν
568 2709 728 2797 ἥκοντας,
755 2706 837 2777 ούδέ
852 2730 913 2794 σφι
932 2705 1067 2794 μελήσει

60 2807 124 2894 πρδ
140 2815 208 2876 τῶν
218 2800 408 2896 Ἀθηναίων
422 2815 632 2896 ναυμαχέειν.
647 2803 712 2875 Ἢν
726 2811 763 2874 δὲ
777 2803 896 2873 αὐτίκα
909 2808 1064 2890 ἐπειχθῇς
1079 2832 1099 2889 γ

62 2915 286 2995 ναυμαχῆσαι,
302 2913 473 2994 δειμαίνω,
488 2904 532 2993 μή
548 2903 567 2975 ὁ
584 2901 741 2982 ναυτικὸς
752 2899 891 2988 στρατὸς
901 2902 1066 2983 κακωθεὶς

60 3004 119 3074 τδν
132 3003 232 3088 πεζὸν
246 3006 525 3093 προσδηλήσηται.
547 3001 633 3090 πρὸς
647 3004 694 3089 δέ,
712 2993 739 3069 οδ
755 3005 906 3089 βασιλεύ,
923 3001 978 3065 καί
989 2997 1065 3064 τόδε

60 3105 93 3179 ές
107 3103 222 3189 θυμὸν
235 3106 356 3191 βάλευ,
372 3102 417 3182 ὡς
431 3118 516 3173 τοῖσι
530 3107 593 3191 μὲν
605 3115 777 3192 χρηστοῖσι
790 3106 859 3168 των
870 3097 1065 3185 ἀνθρώπων

60 3203 156 3270 κακοὶ
173 3206 288 3271 δοῦλοι
308 3207 464 3290 φιλέουσι
480 3211 653 3290 γίνεσθαι,
675 3213 762 3270 τοῖσι
779 3199 816 3265 δέ
832 3209 963 3264 κακοίσι
983 3221 1064 3282 χρη-

60 3305 139 3366 στοί.
169 3300 222 3365 σολ
237 3300 274 3366 δέ
290 3300 379 3369 ἐόντι
394 3299 517 3391 άρίστφ
532 3301 668 3388 ἀνδρῶν
683 3297 824 3368 πάντων
838 3299 936 3366 κακοὶ
949 3301 1063 3364 δοῦλοι

60 3402 136 3482 είσί,
153 3401 188 3464 οἳ
200 3399 238 3477 έγ
252 3398 434 3492 συμμάχων
448 3399 536 3490 λόγφ
551 3404 703 3486 λέγονται
716 3395 820 3483 εἶναι,
835 3395 947 3472 ἐόντες
960 3391 1064 3471 Αίγύ-
