2378 3840
332 188 419 246 515.
454 187 500 244 IX.
534 185 634 245 055.
668 193 810 250 56-55.
1015 181 1078 246 301

67 343 226 435 Ἀττικήν.
250 347 305 414 καλ
319 349 356 415 έν
371 359 456 414 τοῖσι
471 352 649 432 Τρωικοῖσι
666 343 801 414 πόνοισι
817 340 976 432 οὐδαμῶν
992 349 1078 415 5555-

69 442 213 529 πόμεδα.
247 439 321 512 ἀλλ’
338 439 380 510 οό
395 442 461 529 γάρ
476 467 508 508 τι
523 443 654 528 προέχει
669 441 799 509 τούτων
813 443 1075 529 ἐπιμεμνῆσθαι·

69 542 125 608 καλ
139 540 203 628 γάρ
218 537 263 608 άν
275 541 413 628 χρηστοὶ
422 539 497 606 τότε
509 538 620 616 ἐόντες
632 534 732 607 ὡυτοὶ
747 544 814 606 νῦν
827 534 872 607 άν
887 537 954 607 είεν
964 548 1076 625 φλαν-

69 636 219 727 ρότεροι,
235 641 290 708 καλ
304 637 379 706 τότε
390 635 500 714 ἐόντες
515 643 662 722 φλαῦροι
674 642 739 703 νῦν
753 631 797 703 άν
809 634 875 704 είεν
889 633 1072 723 ἀμείνονες.

67 744 221 805 παλαιάν
232 739 295 823 μέν
305 762 372 805 νυν
383 741 492 822 ἒργοον
503 731 576 812 άλις
588 739 680 802 ἔστω.
695 730 777 820 ἡμῖν
790 735 825 801 δέ
837 740 867 801 εί
876 733 981 820 μηδὲν
992 730 1073 802 άλλο

67 835 136 900 ἐστὶ
150 830 435 920 ἀποδεδεγμένον,
453 829 565 918 ὥσπερ
583 831 650 898 ἐστὶ
664 829 772 898 πολλά
786 856 821 898 τε
836 833 891 897 καὶ
903 823 942 898 εὖ
957 835 1074 916 ἔχοντα

67 938 99 1001 εί
111 934 213 1001 νέοισι
224 936 280 1001 καὶ
289 930 421 1001 άλλοισι
430 931 615 1017 Ἑλλήνων,
632 927 716 998 άλλά
728 930 783 997 καὶ
794 925 859 996 άπὸ
871 934 932 995 τοῦ
944 931 980 996 ἐν
993 936 1074 995 Μα-

67 1036 200 1113 ραθῶνι
216 1035 318 1117 ἔργον
332 1026 421 1110 άξιοί
430 1034 521 1116 είμεν
533 1034 631 1096 τοῦτο
645 1024 683 1095 τό
701 1031 800 1113 γέρας
814 1031 901 1113 ἔχειν
919 1028 973 1094 καὶ
988 1023 1072 1093 άλλα

66 1125 152 1214 πρὸς
162 1129 281 1220 τοότφ,
293 1131 414 1208 οἵτινες
425 1135 547 1216 μοῦνοι
557 1125 727 1213 Ἑλλήνων
739 1123 779 1213 δή
791 1123 1072 1212 μουνομαχήσαν-

66 1251 119 1303 τες
141 1251 187 1317 ιφ
173 1229 318 1317 Πέρση
338 1230 395 1296 καλ
418 1233 504 1318 έργφ
524 1224 673 1316 τοσοότφ
693 1224 959 1312 ἐπιχειρήσαντες
975 1246 1073 1308 περι·

65 1322 254 1447 εγενόμεδα
264 1329 319 1393 καὶ
330 1325 531 1420 ἐνικήσαμεν
541 1330 644 1393 ἔθνεα
657 1325 691 1403 ἔξ
702 1348 738 1390 τε
750 1325 804 1391 καὶ
814 1322 1068 1408 τεσσεράκοντα.

64 1415 121 1508 ἆρ’
139 1420 181 1490 οὐ
199 1427 324 1493 δίκαιοι
335 1430 460 1511 είμεν”
441 1450 529 1510 εχειν
545 1424 671 1509 ταύτην
684 1421 747 1522 τήν
760 1418 888 1500 τάξιν’
869 1416 935 1488 από
947 1419 1070 1486 τούτου

66 1626 164 1690 νειιεν
177 1616 365 1704 στάσιάζειν
379 1620 561 1710 πρέπει,”
538 1628 681 1707 αρτιοίε
666 1587 757 1708 εἰμέν
778 1586 994 1690 πείθεσθαι
977 1631 1069 1705 νμίι,

65 1751 92 1791 οι
80 1717 418 1844 Λακεδαιμόνιοιβ
416 1748 460 1792 να
403 1724 583 1813 ίδοκέει
595 1722 855 1842 ἐπιτηδειότατον
867 1719 970 1809 ἡμέας
985 1715 1069 1785 εἶναι

65 1819 201 1886 εστάναι
218 1818 273 1887 καλ
287 1817 360 1888 κατ’
379 1817 551 1898 οὕστινας·
580 1820 689 1908 πάντη
704 1818 769 1903 γάρ
783 1820 976 1905 τεταγμένοι
997 1841 1070 1884 πει-

65 1921 239 2007 ρησομεθα
249 1917 335 1988 είναι
343 1925 486 2007 χρηστοί
500 1915 754 2006 έξηγέεσδεδΓ
732 1944 778 1997 ως
786 1919 1004 2003 πεισομενων
1026 1920 1070 1985 Οί
1082 1920 1118 1976 28

63 2019 125 2104 μὲν
139 2024 244 2086 ταῦτα
260 2013 322 2104 άμε
323 2023 453 2107 ίβοντο,
467 2022 742 2104 Λακεδαιμονίων
758 2017 795 2084 δέ
813 2013 1001 2104 άνέβοισε”
978 2039 1069 2084 απαν

64 2115 99 2185 τὰ
112 2116 339 2204 στρατόπεδον
349 2116 551 2205 Ἀθηναίους
561 2116 827 2206 ἀξιονικοτέρους
837 2118 922 2188 εἶναι
933 2124 1019 2204 ἔχειν
1030 2116 1066 2185 τό

62 2219 161 2302 κέρας
181 2216 266 2306 ήπερ
284 2215 454 2306 Ἀρκάδας.
489 2219 578 2288 οὕτω
594 2219 634 2308 δή
657 2227 754 2308 ἔσχον
775 2225 810 2289 οί
824 2218 996 2307 Ἀθηναῖοι
1014 2226 1068 2289 καὶ

63 2312 311 2400 ὑπερεβάλοντο
326 2314 404 2395 τούς
422 2318 592 2404 Τεγεήτας.

146 2409 244 2479 Μετὰ
262 2413 298 2480 δὲ
318 2420 422 2481 ταῦτα
439 2416 616 2484 ἐτάσσοντο
640 2409 704 2484 τόδε
725 2421 758 2485 05
779 2415 1018 2502 ἐπιφοιτέοντές
1033 2442 1067 2485 τε

61 2509 117 2575 καὶ
128 2512 161 2575 05
170 2505 277 2596 άρχήν
288 2509 445 2590 ἐλθόντες
453 2509 639 2600 Ἑλλήνων·
662 2513 699 2583 τό
711 2517 774 2601 μὲν
784 2514 896 2596 δεξιὸν
907 2520 1006 2604 κέρας
1021 2515 1068 2584 εί-

61 2630 122 2693 χον
131 2610 408 2693 Λακεδαιμονίων
421 2609 553 2697 μύριοι·
574 2611 705 2680 τούτων
717 2615 754 2680 δὲ
767 2610 845 2692 τούς
856 2635 1067 2701 πεντακισχι-

60 2711 154 2785 λίους
169 2705 285 2786 ἐόντας
296 2709 508 2795 Σπαρτιήτας
518 2710 712 2796 ἐφύλασσον
723 2713 813 2791 ψιλοὶ
824 2718 892 2779 τῶν
904 2738 920 2779 ε
920 2716 1066 2781 ίλωτέων

61 2809 322 2889 πεντακισχίλιοι
336 2808 391 2873 καὶ
402 2806 603 2930 τρισμύριοι,
619 2809 696 2895 περὶ
707 2805 849 2895 άνδρα”
829 2829 970 2879 εκαστον
985 2809 1066 2879 έπτα

60 2903 262 2987 τεταγμένοι.
286 2905 467 2990 προσεχέας
482 2907 522 2972 δέ
532 2925 593 2991 σφι
608 2909 737 2975 εἵλοντο
752 2909 887 2977 ἑστάναι
904 2936 935 2978 οι
928 2914 1066 2996 ’Σπαρ

60 3003 165 3081 τιήται
179 3023 259 3077 τονς
277 3000 440 3086 Τεγεήτας
454 3005 508 3070 καὶ
522 3010 617 3090 τιμῆς
632 3007 761 3073 εἵνεκεν
775 3005 860 3075 ταδ’
841 3016 967 3094 αρετῆς.
985 3008 1068 3076 505-

60 3117 129 3158 τιον
143 3087 208 3160 δ’
185 3113 274 3180 ησαν
284 3092 415 3166 ὁπλῖται
428 3105 531 3184 χίλιοι
537 3101 592 3167 καὶ
602 3100 824 3171 πεντακόσιοι.
844 3131 925 3191 μετα
913 3105 973 3174 55
985 3106 1064 3224 τοή

59 3213 139 3267 τους
149 3192 282 3260 ἵσταντο
294 3201 492 3281 Κορινθίων
502 3203 770 3285 πεντακισχίλιοι,
782 3223 872 3285 παρα
860 3198 924 3270 δέ
931 3223 993 3290 σφι
1005 3230 1067 3272 εν-

59 3311 161 3371 ροντο
180 3287 270 3376 παρὰ
293 3295 532 3363 Πανοανίεω”
515 3295 650 3363 εστάναι
671 3299 917 3384 Ποτιδαιητέων
939 3307 1008 3367 τοδν
1028 3319 1064 3369 εκ

59 3383 237 3472 Παλλήνης
251 3385 330 3467 τοὺς
344 3392 529 3475 παρεόντας
548 3399 767 3480 τριηκοσίους.
795 3395 924 3465 τούτων
938 3402 974 3465 δὲ
990 3399 1063 3479 ἐχό-
