2378 3832
325 185 409 241 ΗΒ.
441 184 476 241 V.
510 185 610 243 CAP.
643 193 775 249 61-65
1018 188 1060 251 29

10 386 20 437 χ
58 350 150 432 δρῶν.
175 344 344 429 πέμπουσι
361 342 397 411 δὲ
410 341 551 421 τούτους
565 340 648 411 κατά
665 345 844 415 θάλασσαν
857 358 1011 423 πλοίοισι.
1034 353 1053 425 ὁ

10 480 21 523 ι
57 446 111 535 μέν
134 441 176 531 δὴ
198 439 376 529 προσσχόν
400 444 433 521 ές
454 442 614 529 Φόληρον
633 441 697 530 την
717 444 875 534 στρατιὴν
898 447 1053 541 ἀπέβησε,

10 587 20 623 ι
57 548 84 615 οί
103 543 139 613 δέ
166 545 435 628 Πεισιστρατίδαι
461 542 783 628 προπυνθανόμενοι
806 553 911 615 ταῦτα
933 550 1054 618 έπεκα-

56 647 165 712 λέοντο
190 643 227 708 έκ
250 645 433 726 Θεσσαλίης
459 641 671 726 ἐπικουρίην·
701 643 875 730 ἐπεποίητο
901 647 966 735 γάρ
992 669 1054 735 σφι

10 796 14 806 .
56 741 217 826 συμμαχίη
240 734 325 820 πρὸς
350 733 482 814 αὐτούς.
535 741 697 805 Θεσσαλοὶ
719 741 757 806 δέ
778 760 839 826 σφι
865 747 1052 830 δεομένοισι

54 832 248 922 ἀπέπεμψαν
268 840 366 924 κοινῇ
381 833 499 923 γνόμη
515 834 690 919 χρεόμενοι
705 843 815 924 χιλίην
828 865 864 908 τε
878 844 983 910 ἵππον
995 847 1051 912 καὶ

53 933 108 1007 τάν
121 935 260 1023 βασιλέα
273 929 334 1001 τόν
347 935 513 1019 σφέτερον
522 936 649 1018 Κινέην
660 932 768 1018 ἀνδρα
774 943 953 1005 Γονναῑον·
971 937 1050 1020 τούς

54 1039 154 1104 έτείτε
176 1040 275 1120 έσχου
285 1032 479 1120 συμμόχους
490 1034 524 1099 οί
530 1037 815 1120 Πεισιστρατίδαι,
830 1036 1049 1122 έμηχανέοντο

52 1133 174 1205 τοιάδε·
195 1138 366 1219 κείραντες
386 1138 455 1200 τῶν
472 1133 655 1217 Φαληρέων
675 1129 712 1198 τὸ
734 1136 851 1201 πεδίον
871 1138 926 1204 καὶ
944 1137 1050 1206 ίππά-

52 1254 145 1321 σιμον
159 1229 358 1317 ποιήσαντες
371 1234 492 1295 τοῦτον
505 1225 567 1295 τόν
582 1235 692 1314 χοῖρον
707 1231 834 1316 έπῆκαν
848 1239 894 1322 τῷ
910 1254 1051 1321 στρατο-

51 1334 135 1424 πέδφ
144 1326 339 1418 τῆνῗππον·
355 1329 544 1414 ἐμπεσοῦσα
555 1328 591 1393 δὲ
602 1330 775 1415 διέφθειρε
786 1325 908 1408 ἀλλους
919 1334 955 1398 ’τε
966 1341 1050 1400 πολ-

50 1425 126 1509 λοάς
148 1433 218 1496 τοῖν
237 1428 512 1512 Λακεδαιμονίων
534 1425 589 1492 καὶ
611 1421 652 1511 δὴ
673 1428 728 1493 καλ
750 1422 810 1492 τὸν
828 1424 1047 1518 Ἀγχιμόλιον,

45 1524 123 1633 χοάς
139 1528 178 1595 δὲ
193 1525 474 1611 περιγενομένους
488 1519 601 1591 αάτῶν
614 1524 647 1601 ές
662 1518 721 1601 τάς
733 1525 812 1603 νέας
828 1528 997 1612 κατέρξαν.
1028 1526 1045 1595 ὁ

49 1621 162 1713 μὲνδὴ
179 1629 311 1709 πρῶτος
324 1620 441 1700 στόλος
452 1623 489 1689 έκ
498 1625 749 1705 Λακεδαίμονος
763 1620 853 1689 οὕτω
869 1620 1045 1712 ἀπήλλαξε,

48 1724 99 1791 καὶ
110 1720 320 1808 Ἀγχιμολίου
337 1715 962 1808 είσὶταφαλτῆςἈττικῆςἍλωπεκῇσι,
984 1719 1047 1808 ἀγ-

48 1826 109 1909 χοῦ
124 1826 183 1889 τοῦ
197 1817 396 1906 Ἡρακλείου
413 1823 475 1886 τοῦ
490 1819 527 1885 έν
542 1815 764 1903 Κυνοσάργει.
806 1816 903 1886 Μετά
921 1821 957 1887 δὲ
972 1827 1044 1887 Λα·
1058 1823 1095 1878 64

46 1916 248 2005 κεδαιμόνιοι
267 1919 351 2002 μέζω
371 1916 492 1983 στόλον
505 1920 691 1992 στείλαντες
706 1911 904 2000 ἀπέπεμψαν
918 1919 970 1984 ἐπὶ
986 1915 1045 1997 τὰς

44 2015 200 2105 Ἀθήνας,
222 2011 409 2101 στρατηγόν
423 2019 480 2099 τῆς
499 2019 652 2098 στρατιῆς
667 2009 885 2092 ἀποδέξαντες
907 2017 1044 2100 βασιλέα

47 2116 234 2202 Κλεομένεα
252 2110 313 2182 τὸν
328 2109 605 2196 Ἀναξανδρίδεω,
631 2107 742 2178 οάκέτι
762 2109 845 2178 κατά
866 2110 1044 2180 θάλασσαν

46 2221 245 2300 στείλαντες,
267 2208 352 2280 ἀλλά
368 2207 441 2278 κατ’
459 2208 610 2294 ἤπειρον·
638 2224 723 2277 τοῖσι
737 2211 915 2296 ἐσβαλοῦσι
934 2214 967 2289 ές
981 2209 1043 2296 τὴν

43 2310 188 2401 Ἀττικην
206 2309 319 2399 χόρην
338 2307 360 2398 ἡ
382 2317 450 2378 τῶν
467 2316 646 2378 Θεσσαλῶν
665 2312 765 2387 ἵππος
784 2307 899 2395 πρότη
920 2314 1042 2396 προσέ-

44 2416 111 2501 μιξε
131 2414 189 2481 καὶ
209 2409 252 2479 οδ
267 2407 349 2498 μετά
369 2406 496 2479 πολλόν
517 2410 691 2496 έτράπετο,
713 2414 773 2477 καί
786 2428 901 2495 σφεων
921 2415 1041 2478 ἔπεσον

44 2506 125 2596 ὑπὲρ
142 2510 386 2592 τεσσεράκοντα
400 2505 541 2595 ἄνδρας·
563 2512 598 2577 οί
610 2511 646 2576 δὲ
661 2506 913 2594 περιγενόμενοι
934 2504 1041 2575 ἀπαλ-

43 2611 205 2681 λόσσοντο
221 2605 265 2689 ὡς
289 2607 377 2696 εἶχον
396 2607 475 2689 mg
490 2611 544 2678 ἐπὶ
564 2613 754 2694 Θεσσαλίης.
799 2609 988 2694 Κλεομένης
1004 2611 1040 2676 δέ

41 2706 242 2795 ἀπικόμενος
262 2709 295 2786 ές
315 2703 352 2775 τό
373 2705 458 2776 ἀστν
477 2704 545 2792 ἅμα
562 2703 750 2793 Ἀθηναίων
771 2718 856 2775 τοῖσι
877 2709 1041 2792 βουλομέ-

41 2822 129 2875 νοισι
144 2803 230 2873 εἶναι
246 2805 454 2891 ἐλευθέροισι
468 2802 659 2888 ἐπολιόρκεε
672 2799 752 2881 τοὺς
770 2802 959 2887 τυράννους
973 2802 1040 2871 ἀπ-

40 2905 224 2991 εργμένους
237 2904 274 2969 έν
288 2906 333 2991 τῷ
345 2907 541 2991 Πελασγικῷ
554 2908 659 2987 τείχεϊ.
703 2903 770 2969 Καὶ
785 2899 886 2971 οὐδέν
900 2930 932 2970 τι
948 2902 1037 2968 πόν-
1050 2912 1083 2966 ⁶5

41 3026 101 3081 τως
127 2996 173 3068 ἀν
195 3001 320 3082 ἐξεῖλον
339 2997 418 3078 τοὺς
434 3004 706 3089 Πεισιστρατίδας
730 3005 764 3069 οί
780 3002 1039 3086 Λακεδαιμόνιοι

41 3095 218 3191 (οὔτεγὰρ
238 3099 382 3185 έπέδρην
402 3099 565 3168 έπενόευν
574 3100 796 3187 ποιήσασθαι,
819 3104 855 3168 οἵ
871 3127 907 3169 τε
920 3108 1038 3171 Πεισι-

41 3200 211 3287 στρατίδαι
227 3202 346 3264 σίτοισι
365 3199 421 3265 καὶ
441 3212 570 3266 ποτοῖσι
593 3190 632 3266 εὖ
651 3196 952 3286 παρεσκευάδατο,
974 3225 1038 3268 πο*

40 3295 275 3383 λιορκήσαντές
287 3318 323 3360 τε
339 3288 383 3361 ἀν
395 3291 520 3381 ἡμέρας
533 3291 645 3379 ὀλίγας
661 3291 912 3367 ἀπαλλάσσοντο
927 3302 960 3378 ές
976 3299 1038 3386 τὴν

41 3393 212 3483 Σπάρτην.
240 3397 306 3458 νῦν
325 3394 362 3460 δέ
383 3399 542 3480 συντυχίη
561 3408 646 3462 τοῖσι
668 3394 730 3480 μὲν
748 3392 833 3482 κακὴ
854 3398 1045 3484 ἐπεγένετο,
