2378 3840
341 181 424 238 LlB.
456 180 503 236 lx.
540 179 638 237 σΑΡ.
674 185 812 239 ιε-εκ,
1015 175 1077 242 29⁷

69 338 211 431 μάλιστα
226 338 330 428 ταότη
351 340 476 424 έχίνετο
498 343 537 424 τή
554 338 653 419 ἵππῳ.
685 340 941 426 προσβαλοόσης
955 333 1004 407 ἀν
1019 346 1076 424 τής

69 437 176 503 ἵππου
193 439 227 504 οί
238 436 411 522 Μεγαρέες
431 432 619 520 πιεζόμενοι
640 439 788 521 ἔπεμπον
810 438 863 505 ἐπὶ
880 434 958 515 τούς
974 459 1075 521 στρα-

69 530 192 618 τηγοὺς
209 541 277 601 τῶν
291 531 461 619 Ἑλλήνων
482 529 629 619 κήρυκα,
651 529 855 618 ἀπικόμενος
870 536 906 602 δὲ
928 531 946 600 ὁ
969 537 1075 619 κήρυξ

68 630 153 718 πρός
166 627 291 710 αάτούς
301 637 392 717 ἔλεγε
407 630 501 697 τάδε·
524 633 697 715 Μεγαρέες
708 631 860 716 λέγουσι·
876 628 1000 717 Ἡμεῖς,
1012 629 1076 698 ἀν-

70 732 146 816 δρες
157 727 336 815 σύμμαχοι,
350 725 393 796 οὐ
404 731 545 798 δυνατοί
557 731 649 811 είμεν
660 724 722 813 τήν
733 732 891 816 Περσέων
902 731 1007 797 ἵππον
1019 728 1075 796 δέ-

69 835 191 894 κεσθαι
204 832 344 913 μοῦνοι,
368 824 497 912 ἔχοντες
512 822 630 892 στάσιν
644 823 786 911 ταύτην,
811 827 844 905 ἐς
857 822 919 912 τήν
934 831 1074 910 ἔστημεν

70 924 191 1016 ἀρχήν·
213 925 298 996 ἀλλά
314 930 368 996 καλ
383 929 415 1006 ές
425 927 503 995 τόδε
513 932 650 1014 λιπαρίῃ
663 918 699 995 τε
713 926 768 994 καὶ
779 922 880 1016 ἀρετή
894 924 1075 1014 ἀντέχομεν

69 1029 189 1110 καίπερ
204 1025 401 1111 πιεζόμενοι.
430 1030 497 1093 νῦν
517 1049 552 1092 τε
570 1029 600 1092 εί
619 1024 665 1112 μή
683 1049 777 1102 τινας
794 1023 916 1104 ἀλλους
931 1033 1075 1112 πέμψετε

70 1122 246 1207 διαδόχους
259 1130 317 1210 τῆς
331 1123 460 1210 τάξιος,
477 1131 545 1191 ίστε
555 1119 658 1208 ἡμέας
669 1123 881 1203 ἐκλείψοντας
896 1120 957 1208 τήν
968 1121 1072 1201 τάξιν.

63 1203 100 1290 ‘O
115 1220 178 1308 μὲν
197 1221 239 1308 δή
254 1240 314 1308 σφι
333 1228 437 1290 ταῦτα
451 1219 647 1309 ἀπήγγειλε,
670 1227 864 1308 Παυσανίης
880 1224 916 1290 δὲ
936 1219 1075 1289 ἀπεπει-

69 1327 151 1408 ρᾶτο
171 1326 239 1388 τῶν
256 1319 442 1410 Ἑλλήνων,
464 1329 498 1389 εἴ
514 1346 602 1399 τινες
617 1321 768 1389 ἐθέλοιεν
785 1318 880 1389 ἀλλοι
900 1320 1074 1387 ἐθελονταὶ

68 1424 154 1487 ίέναι
168 1445 203 1487 τε
213 1421 246 1498 ἐς
257 1417 319 1489 τόν
329 1428 441 1507 χῶρον
451 1424 573 1486 τοῦτον
583 1421 638 1486 καλ
649 1416 831 1487 τάσσεσθαι
843 1419 1074 1504 διάδοχοιΜε-

67 1523 216 1606 χαρεῦσι.
247 1513 289 1585 οά
303 1521 521 1606 βουλομένων
536 1517 573 1585 δὲ
591 1523 659 1583 τόν
674 1514 786 1584 ἀλλων
802 1513 975 1603 Ἀθηναῖοι
990 1510 1075 1582 ὑπε-

68 1617 222 1702 δέξαντο,
237 1618 293 1684 καλ
303 1614 493 1701 Ἀθηναίων
507 1619 542 1683 οί
553 1613 737 1703 τριηκόσιοι
752 1614 902 1701 λογάδες,
918 1619 986 1681 τῶν
998 1615 1074 1681 έλο·

66 1711 164 1800 χήχεε
179 1705 447 1799 Ὀλυμπιόδωρος
467 1711 485 1781 ὁ
503 1713 700 1800 Λάμπωνος.
746 1706 850 1783 Οὗτοι
870 1707 956 1801 ήσαυ
980 1715 1014 1780 οἵ
1034 1737 1070 1779 τε
1087 1724 1120 1776 22

68 1806 310 1897 ὑποδεξάμεχιοι
325 1814 425 1901 καλοί
435 1805 501 1895 πρό
512 1816 580 1876 τῶν
591 1808 703 1878 ἀλλων
713 1818 781 1878 τῶν
793 1809 988 1896 παρεόντων
997 1807 1073 1877 Ἑλ-

40 1949 44 1961 =
67 1907 181 1994 λήνων
196 1910 230 1987 ές
240 1906 406 1998 Ἐρυθράς
421 1911 609 2001 ταχθέντες,
626 1907 705 1988 τούς
719 1909 853 1990 τοξότας
867 1908 1072 1996 προσελόμετ

66 2028 137 2072 νοι·
159 2008 357 2093 μαχομένων
372 2008 411 2075 δέ
420 2026 536 2093 σφεων
547 2009 600 2076 ἐπὶ
612 2007 736 2095 χρόνον
746 2011 839 2085 τέλος
853 2005 983 2074 τοιόνδε
998 2008 1071 2093 ἐγέ-

67 2126 143 2168 νετο
158 2108 216 2188 τῆς
232 2103 353 2190 μάχης·
382 2105 637 2193 προσβαλοόσης
651 2111 708 2191 τῆς
721 2107 826 2172 ἵππου
841 2102 924 2172 κατά
940 2108 1033 2173 τέλεα
1050 2101 1069 2172 ὁ

67 2207 259 2271 Μασιστίου
273 2206 424 2288 προέχων
443 2209 512 2270 τόν
529 2201 642 2272 ἀλλων
661 2207 762 2282 ἵππος
780 2202 938 2290 βάλλεται
953 2200 1072 2283 τοξεύ-

65 2324 143 2384 ματι
157 2296 196 2364 τά
217 2297 363 2386 πλευρά,
381 2297 526 2388 ἀλγήσας
547 2299 583 2368 δὲ
597 2302 729 2369 ἵσταταί
741 2326 776 2368 τε
797 2296 902 2386 όρθός
917 2301 971 2366 καλ
986 2295 1072 2365 ἀπο-

66 2398 187 2460 σείεται
209 2390 269 2460 τόν
291 2400 489 2464 Μασίστιον.
521 2398 659 2466 πεσόντι
677 2401 712 2465 δὲ
736 2394 825 2486 αὐτῷ
847 2400 881 2464 οί
897 2391 1071 2482 Ἀθηναῖοι

66 2485 185 2555 αὐτίκα
200 2491 365 2557 ἐπεκέατο.
387 2491 448 2558 τόν
459 2518 493 2560 τε
505 2490 545 2579 δή
556 2495 661 2561 ἵππον
677 2490 783 2560 αὐτοῦ
793 2491 1003 2579 λαμβάνουσι
1016 2493 1071 2560 καὶ

66 2581 171 2652 αὐτόν
185 2582 400 2672 ἀμυνόμενον
414 2595 593 2675 κτείνουσι,
610 2585 682 2656 κατ’
701 2584 803 2675 ἀρχάς
817 2585 859 2656 οὐ
875 2587 1068 2674 δυνάμενοι.

67 2682 366 2774 ένεσκεόαστοχάρ
383 2684 490 2754 οὕτω·
513 2685 607 2766 έντός
620 2687 762 2772 θάρηκα
778 2683 841 2771 εἶχε
855 2685 999 2772 χρύσεον
1014 2694 1071 2754 λε-

65 2784 231 2871 πιδωτόν,
250 2785 442 2872 κατύπερθε
456 2788 493 2855 δὲ
507 2793 568 2855 τοῦ
582 2786 740 2875 θάρηκος
751 2791 883 2868 κιθῶνα
895 2791 1069 2869 φοινίκεον

65 2881 250 2951 ένδεδόκεε.
280 2884 461 2964 κόπτοντες
475 2887 511 2954 δὲ
527 2887 560 2964 ές
574 2883 634 2953 τόν
647 2885 789 2972 θώρηκα
806 2886 940 2952 ἐποίευν
957 2882 1070 2969 οὐδέν,

64 2986 146 3063 πρίν
166 3005 204 3066 γε
226 2977 266 3067 δή
285 2981 408 3067 μαθων
424 3008 474 3061 τις
491 2980 528 3050 τό
546 2984 749 3070 ποιεόμενον
771 2987 860 3048 παίει
880 3008 939 3067 μιν
957 2983 989 3058 ἐς
1010 2977 1069 3047 τόν

65 3075 255 3165 ὀφθαλμόν.
275 3076 364 3147 οὕτω
376 3077 417 3166 δή
429 3083 528 3150 ἔπεσέ
535 3106 570 3148 τε
582 3082 636 3149 καὶ
648 3076 807 3148 ἀπέθανε.
834 3085 946 3147 Ταῦτα
957 3078 997 3145 δέ
1004 3103 1070 3158 κως

64 3172 225 3260 γινόμενα
238 3177 394 3264 ἐλελήθεε
406 3175 485 3257 τούς
496 3175 619 3258 ἀλλους
630 3181 763 3256 ίππέας·
779 3174 858 3245 οὔτε
868 3173 933 3265 χάρ
944 3173 1070 3245 πεσόν-

64 3299 104 3340 τα
118 3297 178 3358 μιν
193 3271 283 3340 είδον
304 3272 369 3343 ἀπό
385 3281 447 3342 τοῦ
467 3277 573 3345 ἵππου
589 3273 667 3344 οὔτε
682 3271 961 3361 ἀποθνήσκοντα,
986 3267 1069 3340 ἀνα·

61 3371 227 3460 χωρήσιος
247 3399 282 3441 τε
297 3377 475 3462 γενομένης
499 3377 554 3444 καὶ
575 3373 791 3462 ὑποστροφῆς
807 3369 870 3441 οὐκ
883 3378 1013 3461 ἔμαθον
1031 3397 1067 3441 το
