2378 3840
132 192 195 254 322
403 222 407 229 ·
515 197 768 257 HERODOTI

131 356 297 442 βάρβαροι
312 352 412 424 οὐδὲν
426 360 473 424 ἔτι
485 369 601 441 στῖφος
612 357 809 444 ἐποιήσαντο
824 359 988 440 πεσόντος
1002 369 1070 430 τοῦ
1082 375 1149 433 τεί-

132 481 207 542 χεος
220 453 298 523 ούτε
308 482 357 533 τις
368 453 480 523 αὐτῶν
491 452 593 542 ἀλκής
604 458 776 543 ἐμέμνητο,
791 455 979 540 ἀλύκταζόν
990 488 1031 529 τε
1045 457 1102 531 οἶα
1113 467 1149 532 ἐν

133 556 234 647 ὀλίγῳ
251 557 348 647 χύρφ
363 560 591 644 πεφοβημένοι
605 583 641 626 τε
656 561 712 627 καὶ
721 563 841 629 πολλαί
851 560 1019 647 μυριάδες
1034 588 1148 630 κατει·

131 658 272 743 λημέναι
292 653 496 740 ἀνθρώπων.
528 662 640 742 παρῆν
665 682 701 725 τε
720 672 805 725 τοῖσι
821 655 957 746 Ἕλλησι
978 661 1148 746 φονεύειν

132 758 222 826 οὕτω
235 755 318 824 ὥστε
332 756 509 844 τριήκοντα
523 758 699 845 μυριάδων
714 767 868 846 στρατοῦ,
883 765 1148 831 καταδεουσέων

129 859 306 942 τεσσέρων,
317 852 376 934 τὰς
386 861 471 940 ἔχων
482 852 678 943 Ἀρτάβαζος
689 861 822 943 ἔφευγε,
834 863 902 924 τοῦν
912 865 1050 926 λοιπῶν
1062 865 1146 946 μηδὲ

129 966 217 1040 τρεῖς
233 953 383 1038 χιλιάδας
396 954 643 1039 περιγενέσθαι.
673 958 951 1040 Λακεδαιμονίων
964 954 1006 1023 δὲ
1020 963 1097 1023 τῶν
1111 959 1145 1024 έκ

128 1051 289 1137 Σπάρτης
300 1048 475 1120 ἀπέθανον
487 1055 521 1117 οί
533 1050 655 1129 πάντες
670 1052 708 1118 ἐν
718 1057 757 1139 τῇ
768 1057 920 1141 συμβολῇ
934 1047 983 1131 εἷς
998 1057 1059 1122 καὶ
1072 1057 1144 1122 ἐνε-

128 1149 286 1237 νήκοντα,
305 1151 494 1235 Τεγεητέων
505 1146 542 1215 δὲ
554 1149 739 1233 ἑκκαίδεκα,
752 1147 943 1236 Ἀθηναίων
954 1151 994 1218 δὲ
1010 1152 1079 1221 δύο
1092 1155 1142 1239 καλ

131 1245 347 1332 πεντήκοντα.

78 1359 114 1418 vl
210 1344 400 1433 Ἠρίστευσε
416 1345 452 1413 δὲ
465 1351 534 1413 τῶν
547 1345 731 1433 βαρβάρων
747 1343 843 1428 πεζός
856 1347 919 1431 μὲν
933 1343 951 1414 ὁ
963 1352 1141 1434 Περσέων,

127 1444 229 1521 ἵππος
243 1441 279 1508 δὲ
291 1438 312 1528 ἡ
326 1444 476 1527 Σακέων,
493 1439 578 1529 ἀνὴρ
594 1442 631 1510 δὲ
644 1445 773 1529 λέγεται
784 1441 1000 1529 Μαρδόνιος·
1021 1441 1140 1534 Ἑλλή·

125 1567 199 1609 νων
216 1539 269 1626 δέ,
290 1538 431 1625 ἀγαθῶν
451 1541 646 1627 γενομένων
666 1543 721 1609 καλ
745 1541 936 1626 Τεγεητέων
958 1543 1017 1610 καὶ
1036 1538 1139 1628 Ἀθη-

125 1645 248 1724 ναίων,
269 1634 518 1724 ὑπερεβάλοντο
539 1635 641 1726 ἀρετή
655 1637 924 1723 Λακεδαιμόνιοι.
959 1634 1058 1728 ἀλληο
1080 1637 1139 1724 μὲν

126 1736 241 1807 ούδενλ
251 1740 314 1822 ἔχω
326 1732 609 1823 ἀποσημήνασθαι
619 1735 775 1816 ’ἀπαντες
785 1733 850 1824 γάρ
861 1728 955 1804 ούτοι
966 1734 1054 1817 τούς
1064 1739 1136 1807 κατ’

126 1832 269 1913 ἑωυτούς
283 1836 435 1924 ένίκεον·,
450 1833 502 1903 ὅτι
518 1836 555 1902 δὲ
568 1831 651 1901 κατά
665 1832 702 1902 τό
717 1832 936 1921 ἰσχυρότατον
950 1841 1136 1923 προσηνεί-

124 1946 257 2022 χθησαν
271 1932 470 2002 καὶτούτων
486 1932 682 2019 ἐκράτησαν.
707 1936 762 2000 καὶ
776 1931 910 2019 ἀριστος
923 1935 1063 2019 ἐγένετο
1074 1964 1135 2023 μι-

123 2040 193 2124 κρῷ
205 2030 441 2119 Ἀριστόδημος
450 2028 535 2101 κατὰ
545 2031 682 2118 γνοόμας
692 2030 751 2111 τάς
759 2029 931 2119 ἡμετέρας,
946 2028 985 2111 δς
996 2035 1038 2102 ἐκ
1051 2044 1136 2123 Θερ-

125 2131 304 2216 μοπυλέων
322 2137 448 2216 μοῦνος
466 2136 535 2197 τῶν
552 2135 751 2218 τριηκοσίων
772 2131 895 2208 σωθεὶς
914 2127 980 2216 εἶχε
1002 2129 1136 2212 ὄνειδος
1174 1943 1183 2369 4

124 2230 180 2296 καὶ
194 2225 336 2313 ἀτιμίην.
360 2224 442 2313 μετὰ
456 2227 493 2295 δὲ
507 2232 628 2295 τοῦτον
641 2223 843 2314 ἠρίστευσαν
856 2225 1093 2309 Ποσειδώνιός
1102 2254 1136 2297 τε

123 2328 180 2396 καὶ
191 2325 369 2394 Φιλοκύων
383 2328 439 2392 καλ
448 2322 696 2413 Ἀμομφάρετος
705 2325 925 2413 Σπαρτιήτης.
949 2331 1067 2397 καίτοι
1081 2355 1137 2416 γε·

123 2425 267 2510 νομένης
286 2424 404 2510 λέσχης
425 2420 462 2502 ὃς
481 2426 611 2509 γένοιτο
627 2420 740 2491 αὐτῶν
756 2423 906 2510 ἀριστος,
927 2429 1091 2509 ἔγνωσαν
1106 2430 1137 2496 οί

124 2519 392 2608 παραγενόμενοι
409 2525 649 2609 Σπαρτιητέων
665 2519 905 2609 Ἀριστόδημον
923 2522 988 2613 μὲν
1004 2527 1138 2611 βουλό-

123 2645 228 2707 μενον
244 2626 397 2703 φανερῶς
417 2617 605 2690 ἀποθανεῖν
625 2623 662 2690 ἐκ
678 2629 736 2708 τῆς
755 2620 944 2706 παρεούσης
965 2625 1001 2690 οί
1015 2630 1136 2714 αἰτίης,

122 2713 308 2787 λυσσίοντά
317 2720 419 2784 τεκαὶ
433 2717 610 2786 ἐκλιπόντα
622 2716 684 2805 τήν
698 2718 793 2798 τάξιν
807 2722 888 2804 ἔργα
900 2714 1136 2802 ἀποδέξασθαι

122 2812 268 2900 μεγάλα,
288 2813 519 2882 Ποσειδάνιον
540 2816 576 2883 δὲ
602 2814 645 2883 ού
664 2815 874 2901 βουλόμενον
894 2813 1137 2908 ἀποθνήσκειν

122 2909 231 2997 ἀνδρα
246 2912 405 2996 γενέσθαι
420 2910 571 2999 ἀγαθόν·
592 2915 741 3003 τοσούτῳ
753 2920 876 2983 τούτου
889 2913 976 2984 εἶναι
990 2915 1134 3006 ἀμείνω.

122 3004 205 3077 ἀλλά
222 3013 326 3074 ταῦτα
345 3009 407 3094 μὲν
430 3014 485 3079 καλ
506 3012 629 3104 φθόυφ
651 3007 696 3079 ἀυ
715 3021 858 3100 είποιεν,
885 3007 980 3083 οὗτοι
997 3018 1039 3087 δὲ
1054 3019 1136 3098 τούς

122 3109 275 3185 κατέλεξα
287 3105 424 3194 πάντες,
437 3107 525 3195 πλήν
535 3107 786 3197 Ἀριστοδήμου,
799 3117 867 3178 τάν
878 3107 1136 3184 ἀποθανόντων

120 3207 159 3273 εὐ
172 3205 276 3293 ταύτῃ
287 3212 327 3295 τῇ
340 3207 437 3294 μάχη,
455 3215 556 3295 τίμιοι
570 3209 737 3296 ἐγένοντο,
749 3207 985 3296 Ἀριστόδημος
996 3212 1036 3282 δὲ
1048 3223 1135 3303 βον-

121 3304 260 3389 λόμενος
269 3303 457 3374 ἀποθανεῖν
469 3306 524 3375 διά
535 3306 598 3396 τήν
609 3311 856 3397 προειρημένην
866 3314 977 3396 αἰτίην
988 3311 1058 3384 οὐκ
1067 3320 1135 3387 έτι-

67 3417 106 3475 κκ
123 3403 226 3491 μήθη.
251 3393 354 3471 Οὗτοι
365 3403 427 3490 μὲν
438 3411 506 3473 τάν
517 3408 744 3496 ἐνΠλαταιῇσι
760 3404 1050 3494 ούνομαστότατοι
1061 3417 1134 3502 ἀγέ-
