2378 3840
109 167 150 230 82
495 171 733 228 HERODOTI

117 343 190 420 σέος
208 346 308 409 τοῦδε
327 345 471 428 εἵνεκεν,
490 333 566 408 ἀλλ’
586 339 649 409 οὐκ
666 338 833 408 άυέκαθεν
852 345 899 408 ἔτι
917 347 1055 429 ἔλαβον,
1075 339 1123 408 ὅτι

116 439 179 511 οόκ
203 447 314 510 ἔπεστι
338 443 512 529 ἐπωνυμίη
531 441 657 529 Περσέι·
678 437 820 528 οὐδεμία
837 441 962 528 πατρός
980 448 1123 528 θνητοῦ,

116 539 228 632 ὥσπερ
243 542 400 630 Ἡρακλέι·
413 539 642 631 Ἀμφιτρύων·
662 540 725 628 ήδη
741 533 790 609 όν
806 537 900 632 ὀρθῷ
918 541 1008 632 λόγῳ
1026 569 1117 630 χρεο·

115 643 205 734 μένῳ
219 645 314 730 μέχρι
327 643 474 731 Περσέος
489 640 601 731 ὀρθῶς
615 648 747 729 είρηταί
760 661 832 729 μοι·
851 637 917 709 άπό
934 641 971 709 δὲ
984 643 1124 727 Δανάης

114 750 172 830 τής
188 742 354 830 Ἀκρισίου
368 745 581 828 καταλέγοντι
593 741 671 820 τούς
686 739 756 810 άνω
774 743 840 811 αἰεὶ
854 743 996 831 πατέρας
1012 740 1125 809 αὐτῶν

116 849 290 930 φαινοίατο
309 840 351 910 άν
371 842 480 923 ἐόντες
498 848 533 911 οί
547 848 616 911 των
631 842 789 932 Δωριέων
806 840 967 930 ἡγεμόνες
988 842 1120 928 Αίγύπ-

65 962 98 1012 54
116 971 176 1012 τιοι
195 944 375 1029 ἰθαγενέες.
423 949 535 1013 Ταῦτα
558 945 620 1030 μέν
638 970 703 1011 νυν
720 941 802 1010 κατά
815 941 973 1029 Ἕλληνες
991 944 1126 1027 λέγουσι

115 1042 408 1132 γεγενεηλόγηται,
427 1042 472 1124 ὥς
491 1043 528 1112 δὲ
547 1042 564 1112 ό
583 1043 671 1131 παρά
691 1043 851 1131 Περσέων
869 1043 966 1128 λόγος
985 1046 1124 1128 λέγεται,

116 1140 216 1224 αὐτός
230 1138 247 1212 ό
263 1143 415 1232 Περσεάς
431 1142 496 1213 ἐάν
507 1142 678 1232 Ἀσσύριος
693 1143 962 1228 έγένειοἝλλην,
977 1140 1046 1210 ἀλλ’
1061 1140 1124 1209 οὐκ

115 1249 150 1312 οί
161 1244 308 1332 Περσέος
322 1244 495 1332 πρόγονοι·
514 1243 593 1324 τούς
607 1245 644 1312 δὲ
654 1243 818 1332 Ἀκρισίον
833 1271 870 1329 γε
885 1245 1029 1330 πατέρας
1042 1242 1125 1329 όμο«

116 1348 292 1431 λογέοντας
316 1339 389 1414 κατ’
415 1345 600 1432 οἰκηιότητα
623 1346 750 1432 Περσέι·
771 1342 892 1430 ου’δὲν,
922 1342 1063 1422 τούτους
1088 1343 1125 1410 δὲ

64 1463 98 1514 55
116 1445 212 1532 εἶναι,
227 1443 532 1533 κατάπερἝλληνες
544 1447 689 1530 λέγουσι,
705 1450 925 1530 Αἰγυπτίους.
947 1444 1014 1513 Καὶ
1024 1450 1126 1511 ταῦτα

115 1548 176 1632 μέν
189 1573 254 1614 νυν
267 1546 344 1634 περὶ
357 1544 486 1614 τούτων
500 1544 660 1634 εἰρήσθω,
679 1543 698 1614 ό
712 1572 741 1612 τι
754 1545 792 1613 δέ
807 1543 916 1624 ἐόντες
935 1543 1125 1629 Αίγόπτιοι,

115 1648 170 1712 καὶ
189 1643 208 1712 ό
225 1673 255 1712 τι
271 1644 510 1732 ἀποδεξάμενοι
535 1652 654 1733 ἔλαβον
676 1644 735 1725 τάς
754 1645 914 1733 Δωριέων
938 1651 1126 1730 βασιληίας,

116 1745 243 1814 ἄλλοισι
260 1745 324 1834 γάρ
342 1747 420 1834 περὶ
439 1741 554 1814 νότιόν
573 1758 715 1834 εἴρηται,
744 1745 883 1833 ἐάσομεν
902 1742 1005 1827 αὐτά·
1023 1744 1071 1813 πά
1091 1743 1127 1812 δὲ

66 1855 76 1871 “
116 1845 211 1914 ἄλλοι
229 1845 270 1914 οὐ
289 1847 528 1933 κατελάβοντο,
546 1847 675 1916 τούτων
693 1847 828 1935 μνήμην
846 1845 1033 1932 ποιήσομαι.

65 1962 99 2012 58
192 1947 298 2033 Γέρεά
316 1975 350 2014 τε
377 1947 418 2032 δή
443 1947 523 2016 τάδε
541 1961 625 2015 τοῖσι
648 1953 820 2033 βασιλεῦσι
840 1951 1044 2033 Σπαρτιῆται
1071 1950 1127 2011 δε-

116 2046 255 2114 δοίκασι
276 2047 436 2135 ίροσόνας
454 2047 530 2132 δυό,
550 2046 631 2126 Διός
649 2075 684 2116 τε
702 2053 955 2133 Λακεδαίμονος
973 2045 1030 2111 καὶ
1045 2043 1127 2123 Διός

115 2143 289 2232 οὐρανίου,
308 2148 363 2215 καὶ
378 2146 524 2235 πόλεμόν
536 2174 575 2233 γε
590 2147 743 2236 ἐκφέρειν
757 2145 810 2215 ἐπ’
827 2144 868 2232 ἣν
882 2143 926 2213 άν
939 2145 1128 2231 βούλωνται

116 2245 244 2334 χάρην,
263 2247 385 2316 τούτου
403 2247 441 2316 δέ
458 2249 586 2334 μηδένα
605 2247 689 2316 εἶναι
704 2250 939 2336 Σπαρτιητέων
957 2251 1127 2313 διακωλυ-

115 2346 187 2433 τήν,
207 2353 239 2415 εί
250 2347 288 2415 δὲ
301 2346 358 2435 μή,
377 2344 483 2416 αὐτόν
499 2351 534 2415 έν
547 2353 595 2437 τῷ
609 2347 685 2434 ἄγει·
698 2349 883 2434 ἐνέχεσθαι·
904 2347 1128 2434 στρατευομέ-

115 2475 185 2515 νων
203 2447 240 2516 δδ
255 2447 406 2536 πρώτους
422 2449 508 2517 ἰέναι
520 2447 600 2528 τούς
614 2448 780 2536 βασιλέυς,
798 2442 964 2526 όστάτους
979 2446 1017 2515 δὲ
1032 2443 1127 2513 άπιέ-

115 2567 183 2616 ναι*
211 2548 330 2617 ἑκατόν
349 2549 386 2617 δὲ
400 2547 525 2639 ἄνδρας
544 2549 689 2634 λογάδας
705 2550 759 2634 ἐπὶ
773 2554 925 2635 στρατιῆς
940 2545 1128 2634 φυλάσσειν

116 2646 255 2737 αὐτούς·
280 2647 473 2738 προβάτοισι
490 2649 528 2718 δὲ
546 2655 690 2737 χρᾶσθαι
715 2652 750 2716 έν
768 2655 846 2738 τήσι
864 2651 1029 2736 έξοδίησι,
1049 2645 1123 2716 ὁκό-

115 2769 201 2817 σοισι
218 2745 262 2816 άν
281 2750 437 2835 ἐθέλωσι,
464 2755 533 2818 των
553 2749 596 2817 δὲ
613 2752 793 2835 θυομένων
811 2746 970 2817 ἁπάντων
989 2747 1029 2816 τά
1050 2748 1127 2834 δέρ-

64 2866 97 2916 57
115 2849 204 2936 μαιά
216 2876 251 2917 τε
265 2851 321 2917 καὶ
334 2849 373 2917 τά
387 2856 478 2918 νιότα
492 2848 674 2937 λαμβάνειν
689 2849 801 2936 σφέας.
820 2849 999 2935 ταῦταμὲν
1014 2847 1055 2915 τά
1071 2850 1129 2935 ε’μ-

115 2951 265 3037 πολέμια,
283 2949 324 3018 τόι
342 2950 379 3017 δὲ
397 2947 480 3017 άλλα
493 2949 532 3018 τά
547 2955 698 3038 εἰρηναῖα
711 2949 793 3018 κατά
807 2949 887 3019 τάδε
901 2970 959 3036 σφι
978 2950 1127 3016 δέδοται·

115 3046 157 3137 ήν
175 3060 303 3136 θυσίην
318 3078 366 3128 τις
384 3051 564 3136 δημοτελέα
578 3052 736 3136 ποιέηται,
755 3051 908 3138 πρώτους
928 3051 981 3116 έπλ
999 3048 1037 3116 τό
1058 3053 1127 3116 δεῖ·

116 3176 202 3219 πνον
220 3155 298 3233 ἵζειν
315 3149 393 3230 τοός
412 3153 566 3237 βασιλέας
581 3152 638 3218 καὶ
652 3149 717 3219 άπό
737 3151 863 3219 τούτων
878 3153 1013 3236 πρῶτον
1029 3147 1126 3238 άρχε-

117 3261 213 3338 σθαι,
247 3251 405 3338 διπλήσια
434 3253 596 3339 νέμοντας
624 3254 767 3343 ἑκατέρω
797 3249 835 3319 τά
863 3250 971 3319 πάντα
997 3245 1018 3337 ή
1045 3263 1128 3319 τοῖσι

116 3351 243 3421 άλλοισι
278 3350 470 3439 δαιτυμόσι·
513 3353 569 3420 καὶ
605 3357 831 3440 σπονδαρχίας
866 3350 952 3421 εἶναι
987 3351 1125 3434 τούτων,

117 3453 173 3520 καὶ
192 3458 261 3522 τῶν
285 3455 459 3522 τυθέντων
477 3453 517 3521 τά
536 3453 690 3540 δέρματα.
724 3458 903 3540 νεομηνίας
921 3452 959 3520 δέ
978 3449 1043 3519 άνά
1063 3448 1122 3518 πά-
