2378 3840
307 195 394 251 κιο.
427 194 486 251 vn.
521 194 619 254 σοι).
651 200 826 258 ιιι-ιιι.
1010 196 1071 264 191

67 357 299 440 Συρηκοσίων.
326 348 410 422 ἀλλά
431 352 554 420 τούτου
574 351 637 440 μέν
655 352 837 440 τοῦλόγου
853 359 968 443 μηκέτι
983 385 1071 447 μνη-

68 459 168 538 σθῆς,
181 447 267 529 ὅκως
277 447 340 536 τῆν
349 446 533 538 ἡγεμονίην
543 475 594 518 τοι
605 450 858 538 παραδόσομεν.
882 451 955 524 ἀλλ’
969 457 1070 543 εἰμέν

68 548 208 635 βοόλιαι
226 547 371 632 βαθέαν
393 545 589 636 τῆἙλλάδι,
605 556 681 616 ἴσθι
689 545 872 634 ἀρξόμενος
882 548 948 621 ὑπὸ
960 562 1070 622 Λακε-

41 668 43 672 ·
68 644 426 733 δαημονίοιν,εέ·δ’ἀρα
436 641 975 740 μὴδιααιολςάρχεσθωὺδὲμῆ
999 657 1071 739 βιο-

66 747 171 812 θέειν.
207 740 300 826 Πρὸς
315 747 419 812 ταῦτα
433 738 452 810 ὁ
467 743 599 827 Γέλαν,
617 740 732 829 ἐπειδὴ
749 742 820 832 ἀέρα
840 743 1071 838 άπεστραμμέ-
1086 760 1138 815 16⁰

67 867 149 919 νους
158 839 240 920 τοάς
246 839 370 927 λόγους
377 838 619 928 τοὺΣκάγρου,
629 837 888 912 τδατιλευταῑόν
900 863 961 930 σφι
972 846 1070 915 τόνδε

68 941 207 1025 ἐξέμηνε
220 937 340 1024 λόγον·
367 930 407 1004 Ὠ
427 942 512 1016 ξεῖνε
526 944 736 1025 Σπαρτιῆτα,
759 934 890 1006 ὀνείδεα
912 943 1070 1011 κατιόντα

69 1035 242 1128 ἀνθρόπμ
259 1037 366 1121 φιλέει
378 1034 559 1120 ἐπανάγειν
574 1031 635 1102 τόν
651 1033 775 1120 θυμόν.
798 1032 844 1104 οὑ
856 1039 971 1122 μέντοι
985 1037 1071 1106 ἀπο-

69 1133 248 1219 δεξάμενος
258 1131 444 1220 ὑβρίσματα
456 1133 493 1201 έν
502 1138 548 1223 τῷ
559 1131 649 1224 λόγῳ
660 1130 702 1203 οὑ
712 1158 753 1219 με
763 1140 887 1215 πείσεις
900 1133 1071 1225 ἀσχήμονα

69 1234 107 1298 ἐν
121 1238 161 1318 τῆ
180 1229 303 1320 ἀμοιβῆ
315 1231 483 1317 γενέσθαι.
506 1228 591 1302 ὅκου
605 1232 641 1301 δέ
661 1227 756 1317 ἡμεῖς
771 1230 859 1301 οὑτω
877 1237 1071 1321 περιέχεσθε
1142 1309 1154 1329 ,

69 1338 127 1417 τῆς
141 1327 330 1417 ἡγεμονίης,
345 1327 436 1410 οίκδς
450 1332 505 1400 καί
517 1331 575 1417 ἐμὲ
583 1335 712 1416 μᾶλλον
722 1328 836 1417 ὑμέων
846 1337 1070 1421 περιέχεσθαι,

69 1433 223 1516 στρατιῆς
235 1453 270 1495 τε
285 1426 383 1497 έόντα
397 1434 645 1514 πολλαπλησίης
656 1426 806 1515 ἡγεμόνα
819 1433 875 1499 καὶ
888 1440 976 1513 νεολυΙ
986 1443 1071 1502 πολ-

68 1525 130 1595 λόν
144 1525 310 1596 πλεόνων.
339 1523 413 1597 ἀλλ’
434 1527 542 1597 έπείτε
558 1523 643 1615 ὑμίν
660 1518 678 1594 ὑ
698 1526 799 1613 λόγος
813 1527 901 1599 οὑτα
918 1531 1070 1619 προσόν-

68 1652 128 1712 της
143 1630 349 1710 κατίσταται,
369 1623 464 1712 ἡμεῖς
477 1652 509 1693 τι
529 1622 708 1711 ὑπείξομεν
722 1633 783 1694 τοῦ
800 1625 940 1714 ἀρχαίου
953 1628 1067 1714 λόγου.

70 1728 173 1790 εἰτοῦ
188 1721 250 1806 μέν
266 1726 367 1800 πεζοῦ
381 1719 475 1806 ὑμεῖς
488 1718 662 1807 ἡγέοισθε,
684 1729 744 1788 τοὺ
766 1709 803 1789 δέ
815 1732 977 1792 ναυτικοῦ
994 1723 1071 1810 έγοὺ,

71 1827 101 1889 εί
114 1823 150 1887 δέ
165 1816 246 1905 ὑμῖν
260 1815 365 1905 ἡδονῆ
385 1825 447 1885 τοῦ
463 1816 549 1887 κατά
568 1820 746 1889 θάλασσαν
759 1817 989 1908 ἡγεμονεύειν,
1010 1828 1072 1890 τοὺ

69 1923 171 1998 πεζοῦ
188 1914 252 2002 έγό
268 1917 383 1984 ἐθέλω.
412 1911 505 2002 καὶὴ
519 1915 667 1983 τούτοισι
682 1914 785 2002 ὑμέας
798 1919 907 2005 χρεόν
922 1923 991 1987 έστι
1010 1917 1073 2005 ἀρ-

69 2018 208 2084 κέεσθαι
223 2011 245 2101 ῆ
262 2011 397 2097 ἀπιέναι
416 2014 601 2100 συμμάχων
614 2019 762 2082 τοσόνδε
776 2016 928 2102 έρῆμους.
956 2019 1072 2087 Γέλαν

70 2114 132 2201 μέν
149 2112 189 2202 δὴ
204 2122 308 2182 ταῦτα
324 2119 550 2200 προετείνετο,
572 2111 708 2198 φθάσας
724 2109 792 2180 δὺὑ
807 2111 996 2201 Ἀθηναίων
1010 2114 1072 2200 ἀγ·
1090 2120 1139 2178 161

70 2221 166 2298 γελος
180 2210 240 2279 τόν
257 2217 531 2300 Λακεδαιμονίαν
547 2209 702 2299 ἀμείβετό
715 2238 776 2297 μιν
791 2218 930 2282 τοισίδε·
955 2206 995 2280 Ὦ
1009 2221 1073 2300 βα-

71 2316 164 2377 σιλεῦ
173 2317 411 2398 Συρηκοσίων,
428 2308 490 2380 οὑκ
500 2307 664 2398 ἡγεμόνος
676 2315 817 2400 δεομένη
831 2309 977 2400 ἡἘλλάς
991 2310 1074 2382 ἀπέ-

70 2420 201 2493 πεμψεν
214 2405 316 2494 ἡμέας
330 2406 417 2495 πρὸς
429 2409 484 2495 οδ,
506 2405 590 2478 ἀλλά
608 2417 770 2496 στρατιῆς.
800 2409 844 2478 σὺ
860 2413 896 2502 δέ
910 2408 997 2490 όκνς
1010 2413 1073 2499 μέν

71 2504 229 2592 ατρατιῆν
243 2507 383 2591 πέμψεις
399 2533 446 2592 μη
460 2505 646 2592 ἡγεόμενος
661 2512 723 2592 τῆς
732 2504 906 2593 Ἑλλάδος,
928 2507 971 2575 οὐ
987 2532 1073 2592 προ-

71 2610 219 2690 φαίνεις,
232 2601 287 2692 ,όις
303 2604 340 2678 δὲ
356 2602 594 2690 στρατηγήσεις
607 2600 726 2689 αὑτῆς,
749 2609 883 2688 γλίχεαι.
913 2602 995 2672 ὅσον
1009 2608 1073 2691 μέν

72 2729 137 2771 νυν
148 2698 272 2779 παντὸς
282 2707 343 2768 τοῦ
353 2698 522 2787 Ἑλλήνων
534 2707 678 2788 στρατοῦ
688 2702 783 2780 έδέεν
790 2698 960 2790 ἡγέεσθαι,
976 2705 1072 2792 έξῆρ-

70 2832 122 2874 κει
137 2799 217 2889 ἡμῖν
231 2813 317 2869 τοῖσι
326 2796 534 2888 Ἀθηναίοισι
549 2797 691 2888 ἡσυχίην
706 2799 800 2886 ἀγειν
816 2802 1071 2890 ἐπισταμένοισι,

71 2897 147 2980 ὑςὺ
165 2896 290 2968 Λάκων
306 2898 421 2976 ίαανός
436 2923 488 2966 τοι
503 2904 618 2985 ἔμελλε
632 2904 770 2968 ἔσεσθαι
784 2903 839 2968 καὶ
857 2897 943 2988 ὑπέρ
960 2897 1072 2988 ἀμφο-

70 3002 176 3082 τέρων
191 2994 473 3085 ἀπολογεόμενος,
493 2997 601 3066 ἐπείτε
613 2997 651 3066 δέ
661 2995 790 3084 ἀπάσης
801 2995 1072 3084 ἀπελαυνόμενος
1111 3015 1113 3018 ·

70 3101 160 3165 δέεαι
174 3102 231 3182 τῆς
245 3101 404 3182 ναυτικῆς
414 3092 545 3182 ἀρχειν,
563 3093 727 3182 οὕτω-ἔχει
739 3120 806 3163 τοι·
829 3091 903 3162 οὐδ’
915 3088 988 3181 ῆαὺ
999 3095 1067 3162 Λά-

68 3220 141 3262 κων
152 3195 227 3282 έπίη
237 3219 287 3261 τοι
298 3190 412 3279 ἀρχειν
423 3189 535 3279 αὐτῆς,
551 3189 644 3280 ἡμεῖς
658 3192 832 3281 ἐπήσομεν.
855 3188 995 3280 ἡμετέρη
1004 3190 1072 3277 γάρ

69 3296 138 3360 ἐστι
149 3288 234 3375 αὑτη
244 3315 283 3375 γε
293 3287 337 3375 μῆ
349 3286 462 3357 αὑτόν
472 3292 978 3378 βονλομένννΛακεδαιμουίων.
990 3287 1078 3371 κοά-ι

69 3411 156 3459 τοισι
172 3390 234 3476 μὲν
249 3381 299 3456 οὑν
318 3385 478 3474 ἡγέεσθαι
494 3391 729 3478 βουλομένοισι
751 3386 815 3458 οὐκ
834 3380 1128 3608 ἀντιτείνομεν
