2378 3840
333 199 412 254 uu.
439 199 513 254 vlu.
547 197 643 253 cAP.
667 200 796 255 84-89,
1006 193 1068 257 259

66 364 253 456 πρήγματα,
268 363 474 458 έντούτφτῷ
483 370 587 457 καιρῷ
597 361 618 451 ἡ
629 367 710 451 νηῦς
724 360 744 452 ἡ
756 361 958 454 Ἀρτεμισίης
973 364 1069 434 έδιω’-

67 494 141 536 κετο
154 461 219 536 ῦπό
232 462 305 545 νεός
320 461 480 552 Ἀττικῆς·
499 467 555 534 καὶ
568 459 661 551 ἣούκ
675 471 795 552 ἔχοντα
811 471 1001 554 διαφυγεῖν,
1015 474 1069 554 έμ·

66 579 194 653 προσθε
211 556 274 653 γὰρ
292 560 395 651 αὐτῆς
417 554 504 650 ἦσαν
520 561 617 633 ἄλλαι
634 567 706 645 νέες
723 572 848 653 φίλιαι,
872 560 893 654 ἡ
913 567 950 635 δὲ
968 564 1069 653 αὐτῆς

65 663 146 751 πρός
164 670 232 734 τεόν
255 673 423 753 πολεμίων
445 661 586 752 μάλιστα
610 663 768 752 ἐτύγχανε
786 663 903 754 έοῦσα,
930 669 1024 749 ἔδοξέ
1039 671 1073 736 ol

64 763 141 834 τόδε
154 768 300 853 ποιησαι,
316 763 352 833 τό
363 765 417 834 καί
428 763 605 852 συνήνεικε
613 762 793 854 ποιησόση·
813 770 998 854 διωκομένη
1008 766 1070 854 γὰρ

64 862 130 935 ῦπό
143 869 200 953 τῆς
213 861 359 953 Ἀττικῆς
376 865 525 954 φέρουσα
544 867 678 951 ἐνέβαλε
695 871 754 952 νηῒ
768 871 863 955 φιλίη
881 861 1017 956 ἀνδρῶν
1034 896 1069 936 τε

63 971 270 1036 Καλυνδέων
286 971 341 1034 καὶ
356 964 460 1035 αὐτοῦ
476 968 702 1045 έπιπλιόοντος
716 974 776 1033 τοῦ
787 970 993 1035 Καλυνδέων
1007 972 1069 1051 βα-

65 1071 174 1144 σιλέος
187 1065 448 1152 Δαμασιθύμου.
482 1073 512 1133 εί
530 1067 593 1152 μὲν
612 1072 670 1134 καί
684 1091 715 1132 τι
737 1079 845 1146 νεῖκος
860 1063 944 1155 πρός
966 1062 1069 1132 αύτὸν

66 1164 218 1251 ἐγεγόνεε
233 1169 280 1231 ἔτι
295 1167 370 1250 περὶ
378 1163 624 1252 Ἑλλήσποντον
638 1165 774 1250 έόυτωυ,
790 1164 831 1232 ού
842 1165 955 1250 μέντοι
968 1170 1070 1250 ἔγωγε

67 1267 129 1346 ἔχω
145 1267 266 1349 εἰπεῖν,
288 1260 365 1330 οῦτε
387 1267 416 1329 εί
434 1263 471 1328 έκ
492 1269 652 1349 προνοίης
672 1258 756 1328 αὐτό
779 1264 929 1348 ἐποίησε,
952 1259 1029 1328 οῦτε
1044 1265 1073 1326 εί

67 1359 306 1447 σννεκῦρησεὴ
319 1368 386 1428 τῶν
398 1365 602 1429 Καλυνδέων
617 1359 699 1428 κατὰ
715 1361 820 1447 τύχην
832 1366 1072 1445 παραπεσοῦσα

68 1466 159 1544 νηῦς.
184 1456 228 1538 ὡς
243 1464 279 1527 δὲ
290 1463 428 1548 ένεβαλέ
435 1487 471 1528 τε
485 1463 539 1528 καί
550 1463 722 1547 κατέδυσε,
739 1458 872 1547 εὐτυχίη
881 1461 1071 1545 χρησαμένη

66 1556 187 1624 διπλόα
203 1554 331 1644 ἑωυτὴν
347 1556 460 1644 ἀγαθὰ
475 1557 654 1645 έργόσατο·
683 1556 704 1623 ό
722 1582 758 1623 τε
772 1555 836 1643 γὰρ
849 1563 908 1642 της
926 1555 1072 1642 Ἀττικῆς

69 1656 144 1735 νεός
163 1658 360 1744 τριήραρχος
381 1657 425 1737 ὡς
447 1658 514 1725 εἶδέ
527 1684 585 1743 μιν
607 1657 839 1743 ἐμβάλλουσαν
860 1662 920 1744 νηῒ
936 1654 1072 1742 ἀνδρῶν

66 1752 266 1842 βαρβάρων,
280 1760 419 1839 νομίσας
431 1752 492 1840 τὴν
507 1757 565 1820 νέα
582 1752 642 1839 την
655 1751 855 1840 Ἀρτεμισίης
868 1749 1071 1840 ἢἙλληυίδα

68 1850 154 1920 εἶναι
169 1845 191 1936 ἢ
206 1846 422 1937 αὐτομολέειν
439 1853 475 1919 έκ
490 1858 557 1918 τῶν
571 1851 754 1938 βαρβάρων
768 1853 824 1918 καὶ
838 1849 968 1918 αὐτοῖσι
984 1847 1073 1936 ιἰμύ-

67 1945 158 2032 νειν,
173 1945 383 2031 ἀποστρέψας
397 1945 480 2032 πρὸς
496 1946 598 2026 ῦλλας
612 1948 779 2034 ἐτράπετο.
807 1953 914 2015 Τοῦτο
928 1949 990 2035 μὲν
1000 1971 1071 2014 τοι·
1087 1965 1121 2017 88

69 2055 148 2115 οῦτο
167 2042 251 2135 αὐτῇ
265 2046 444 2132 συνήνεικε
453 2047 613 2130 γενέσθαι
627 2049 805 2128 διαφυγεῖν
819 2049 919 2113 τεκαὶ
931 2043 975 2132 μὴ
988 2043 1073 2113 ἄπο-

68 2148 204 2230 λέσθαι,
229 2150 328 2211 τοῦτο
345 2147 381 2211 δὲ
395 2145 520 2231 συνέβη
541 2141 625 2210 όόστε
641 2140 747 2209 κακὸν
762 2144 991 2230 ἐργασαμένην
1006 2141 1071 2211 όπό

66 2241 197 2309 τούτων
209 2236 315 2326 αὐτὴν
326 2241 468 2327 μάλιστα
480 2239 696 2327 εὐδοκιμῆσαι
708 2236 798 2322 παρόι
807 2242 920 2327 Ξέρξη.
944 2244 1072 2327 λέγεται

67 2337 133 2426 γαρ
149 2340 285 2425 βασιλέα
301 2336 496 2424 θηεύμενον
512 2348 637 2424 μαθεῖν
651 2335 713 2422 τήν
725 2338 784 2404 νέα
795 2339 1007 2424 ἐμβαλοῦσαν
1018 2341 1072 2405 καί

69 2437 111 2523 δή
127 2462 201 2502 τινα
217 2433 305 2502 εἶπαι
318 2441 386 2502 τῶν
401 2435 614 2520 παρεόντων·
637 2436 809 2518 Δέσποτα,
827 2430 908 2523 δρᾷς
925 2433 1073 2523 Ἀρτεμι-

69 2543 157 2621 σίην,
175 2530 219 2610 ὡς
234 2526 273 2600 εὖ
289 2531 481 2618 ἀγωνίζεται
495 2537 550 2601 καλ
564 2537 624 2599 νέα
636 2538 705 2597 νῦν
718 2537 886 2615 πολεμίων
897 2537 1072 2612 κατέδυσε;

70 2635 137 2703 Καὶ
152 2631 212 2700 τὸν
227 2634 435 2718 ἐπείρεσθαι,
457 2637 487 2700 ελ
501 2630 653 2718 ἀληθέως
668 2630 735 2697 ἐστὶ
745 2626 947 2717 Ἀρτεμισίης
964 2630 1000 2699 τό
1017 2637 1074 2719 έρ-

68 2760 150 2822 γον,
166 2732 222 2800 καὶ
235 2727 315 2810 τούς
329 2732 436 2817 φάναι
451 2736 583 2817 σαφέως
596 2726 632 2798 τό
654 2731 815 2815 ἐπίσημον
834 2736 892 2816 τῆς
905 2728 982 2810 νεός
1002 2733 1074 2800 έπι-

69 2836 274 2918 σταμέυους·
296 2826 358 2917 τὴν
372 2830 408 2898 δὲ
424 2834 671 2916 διαφθαρεῖσαν
684 2825 859 2914 ἠπιστέατο
875 2827 959 2896 εἶναι
973 2838 1074 2897 πολε-

68 2939 159 3017 μίην.
188 2927 230 2996 τό
246 2953 282 2994 τε
297 2925 361 3015 γόιρ
378 2926 478 3015 ἄλλα,
502 2925 547 3007 ὡς
565 2937 707 3015 εἴρηται,
729 2923 812 3015 αὐτῇ
827 2929 1026 3014 συνήνεικεν
1042 2931 1074 3004 ές

70 3024 225 3110 εὐτυχίην
240 3024 407 3110 γενόμενα
425 3028 480 3093 καί
500 3021 536 3092 τό
558 3031 627 3092 τῶν
642 3027 678 3092 έκ
696 3030 753 3112 τῆς
770 3029 982 3111 Καλυνδικῆς
998 3023 1074 3102 νεὸς

71 3125 197 3208 μηδένα
213 3119 434 3190 ἀποσωθέντα
448 3123 636 3209 κατήγορον
649 3125 819 3208 γενέσθαι.
842 3125 968 3207 Ξέρξην
979 3123 1015 3189 δὲ
1027 3119 1072 3188 εἷ-

69 3247 129 3289 παι
151 3222 280 3305 λέγεται
296 3222 381 3308 πρός
397 3218 437 3288 τδι
455 3220 663 3309 φραζόμενα·
698 3224 742 3287 Ol
759 3220 821 3304 μέν
842 3217 961 3304 ἄνδρες
974 3217 1074 3306 γεγό-

72 3326 150 3388 νασί
167 3345 225 3406 μοι
243 3333 418 3407 γυναῖκες,
440 3323 477 3388 ac
491 3319 527 3388 δέ
546 3333 703 3406 γυναῖκες
719 3315 848 3402 ἄνδρες.
886 3323 997 3384 Ταῦτα
1011 3316 1073 3398 μὲν

72 3421 195 3504 Ξέρξην
210 3418 291 3503 φασλ
309 3413 405 3484 εἶπαι.
426 3415 480 3484 ’λῖν
493 3418 529 3485 δὲ
539 3425 585 3509 τῷ
596 3419 689 3510 πόνῳ
700 3415 808 3504 τούτῳ
820 3411 888 3482 ἀπό
901 3417 963 3498 μὲν
977 3423 1142 3481 {mm-a

897 3503 964 3558 W*
