2378 3840
92 192 136 254 66
466 185 719 244 HERODOTI

93 345 159 438 γὰρ
169 349 420 415 καταιτιεῦνται.
440 344 594 431 λέγονται
609 342 645 412 δέ
656 341 781 431 Σάμιοι
796 347 944 416 ἐνθαῦτα
959 348 1041 418 κατὰ
1058 349 1099 418 τό

94 451 296 535 συγκείμενα
310 442 394 531 πρός
414 439 475 510 τόν
490 441 619 510 Αίάκεα
640 440 835 531 ἀειράμενοι
851 442 891 514 τά
911 449 997 514 ίστία
1013 443 1100 515 ιἰπο-

94 552 223 616 πλωσαι
239 545 275 611 ἐκ
289 547 347 629 τῆς
361 540 470 621 τάξιος
485 542 518 619 ές
531 538 594 627 τὴν
608 539 744 628 Σάμον,
760 539 848 628 πλην
864 546 983 611 ἕνδεκα
999 552 1097 613 νεῶν.

95 645 224 714 τούτων
236 639 272 708 δὲ
283 645 318 709 οί
326 637 519 727 τριήραρχοι
531 642 720 726 παρέμενον
730 641 786 708 καί
797 640 1003 727 ἐναυμάχεον
1014 639 1100 728 ἄνη-

95 738 338 828 κουστήσαντες
353 749 437 806 τοίσι
453 750 680 824 στρατηγοῖσι·
702 743 761 806 καί
772 757 833 824 σφι
847 736 884 806 τό
900 738 1017 808 κοινόν
1031 748 1100 809 τῶν

96 847 235 929 Σαμίων
250 843 353 908 έδωκε
373 836 428 906 διόι
445 844 543 906 τοῦτο
565 835 602 906 τό
619 844 755 926 πρῆγμα
771 841 809 906 έν
830 839 933 928 στήλη
949 837 1099 928 άναγρα-

95 948 200 1028 φῆναι
214 937 387 1025 πατρόθεν
403 933 447 1015 ὡς
461 931 605 1021 άνδράσι
622 932 780 1023 άγαθοίσι
794 938 1020 1023 γενομένοισι,
1043 941 1099 1005 καὶ

95 1044 164 1106 έστι
178 1033 262 1122 αὕτη
279 1032 300 1122 ἡ
317 1035 419 1122 στήλη
434 1035 471 1102 ἐν
485 1039 525 1122 τῇ
540 1030 655 1122 άγορῇ.
678 1032 828 1120 ἰδόμενοι
843 1034 879 1102 δὲ
892 1036 948 1102 καί
961 1035 1099 1122 Λέσβιοι

92 1132 172 1214 τούς
183 1133 363 1220 προσεχέας
374 1131 560 1218 φεύγοντας
570 1126 676 1198 τώυτό
685 1133 820 1200 ἐποίευν
830 1137 1092 1219 τοῖσιΣαμίοισι·

95 1230 138 1311 ός
156 1229 192 1299 δέ
208 1231 264 1298 καὶ
278 1233 311 1298 οί
319 1235 460 1306 πλεῦνες
470 1233 538 1295 τῶν
548 1224 670 1297 Ἰάνων
684 1229 819 1296 ἐποίευν
830 1226 870 1297 τά
882 1225 968 1298 αὐτὰ
982 1235 1096 1298 ταῦτα.

57 1348 80 1400 ιο
99 1336 177 1398 Τῶν
197 1327 234 1396 δέ
253 1325 533 1416 παραμεινάντων
557 1327 594 1393 έν
616 1330 657 1414 τῇ
675 1332 842 1414 ναυμαχίῃ
856 1329 1098 1416 ,περιέφθησαν

95 1426 280 1517 τρηχύτατα
296 1432 373 1494 Χίοι
391 1422 435 1504 ὡς
450 1421 735 1510 ἀποδεικνύμενοί
744 1448 780 1492 τε
794 1428 875 1512 ἔργα
889 1423 1025 1514 λαμπροὶ
1043 1429 1098 1494 καί

96 1523 157 1595 οὐκ
179 1523 470 1602 ἐθελοκακέοντες·
498 1528 695 1610 παρείχοντο
716 1521 778 1608 μέν
798 1520 881 1609 γάρ,
906 1522 1018 1613 όέσπερ
1043 1527 1097 1593 καὶ

94 1624 260 1714 πρότερον
277 1625 408 1711 είρέθη,
432 1625 509 1702 νέας
523 1619 642 1691 ἑκατόν
663 1625 719 1691 καὶ
738 1620 791 1691 ἐπ’
813 1622 952 1711 ἑκάστης
968 1621 1096 1694 αὐτέων

94 1724 220 1810 ἄνδρας
228 1720 470 1808 τεσσεράκοντα
477 1727 546 1790 τῶν
553 1718 663 1790 ἀστῶν
672 1718 817 1808 λογάδας
823 1721 1096 1810 ἐπιβατεύοντας·

95 1821 247 1906 ὁρέοντες
267 1819 304 1888 δέ
324 1816 403 1899 τοός
417 1817 564 1899 πολλοὺς
582 1825 650 1888 τῶν
671 1818 855 1906 συμμάχων
873 1820 1097 1907 προδιδόντας

95 1918 157 1990 οὐκ
169 1924 336 1988 ἐδικαίευν
346 1919 506 2005 γενέσθαι
517 1930 602 1986 τοίσι
613 1931 745 1987 κακοῖσι
760 1914 874 1986 αὐτῶν
890 1915 1017 2007 ὁμοῖοι,
1035 1916 1096 1986 άλ-

93 2014 135 2087 λόι
154 2012 225 2103 μετ’
243 2013 365 2101 ὀλίγων
384 2014 568 2102 συμμάχων
584 2015 839 2103 μεμουνωμένοι
856 2015 1097 2095 διεκπλέοντες

94 2111 313 2198 ἐναυμάχεον,
319 2112 352 2190 ές
364 2107 383 2178 ό
393 2117 461 2179 τῶν
471 2116 641 2196 πολεμίων
647 2109 778 2191 ἑλόντες
788 2110 867 2191 νέας
877 2109 1003 2200 συχνάς
1012 2109 1097 2181 άπέ·

93 2218 199 2300 βαλον
208 2215 276 2276 τῶν
287 2208 460 2295 σφετέρων
470 2214 559 2276 νεῶν
568 2205 627 2287 τός
637 2215 791 2288 πλεῦνας.
808 2217 884 2278 Χίοι
895 2210 957 2296 μὲν
969 2208 1010 2298 δὴ
1020 2216 1096 2301 τῇσι

57 2322 79 2377 ,6
95 2314 227 2396 λοιπῇσι
240 2312 309 2375 τῶν
328 2311 417 2373 νεῶν
431 2302 664 2394 ἀποφεύγουσι
684 2309 719 2386 ές
736 2305 799 2394 τὴν
814 2307 965 2395 ἑωυτῶν,
987 2305 1096 2377 ὅσοισι

93 2407 129 2474 δὲ
142 2411 210 2473 τῶν
220 2408 313 2472 Χίων
328 2398 489 2472 άδόνατοι
504 2397 590 2492 ἦσαν
604 2409 641 2473 αί
652 2402 726 2483 νέες
739 2401 805 2472 τἰπό
820 2406 1015 2494 τρωμάτων,
1034 2397 1095 2474 οὗ·

92 2531 143 2573 τοι
159 2501 195 2571 δέ
211 2498 255 2581 ὡς
269 2500 466 2590 ἐδιοόκοντο,
482 2504 780 2592 καταφυγγάνουσι
797 2503 882 2593 πρός
894 2505 958 2594 τὴν
968 2507 1096 2577 Μυκά-

90 2612 163 2690 λην.
187 2601 266 2680 νέας
281 2601 344 2687 μὲν
360 2599 400 2688 δὴ
416 2598 521 2671 αὐτοῦ
541 2602 647 2692 ταότη
660 2604 889 2683 ἐποκείλαντες
902 2605 1094 2691 κατέλιπον,

91 2705 125 2768 οί
138 2699 174 2768 δέ
185 2704 264 2787 πεζῇ
281 2703 469 2784 ἐκομίζοντο
485 2698 539 2768 διό
554 2707 613 2788 τῆς
625 2698 775 2789 ἠπείρου.
798 2702 869 2772 ἐπεὶ
882 2703 919 2771 δέ
933 2702 1095 2792 ἐσέβαλον

91 2801 124 2876 ἐς
138 2793 200 2884 τὴν
211 2793 366 2883 Ἐφεσίην
381 2798 592 2885 κομιζόμενοι
609 2802 643 2866 οί
656 2794 1094 2885 Χίοι,,νυκτόςτεάπίκοντο

93 2901 125 2975 ἐς
141 2892 248 2980 αὐτὴν
261 2899 316 2963 καί
331 2895 457 2963 ἐόντων
470 2905 546 2986 τῇσι
558 2899 691 2984 γυναιξί
702 2894 826 2967 αὐτόθι
842 2907 1093 2988 θεσμοφορίων.

93 2997 241 3062 ἐνθαῦτα
257 2989 297 3078 δὴ
313 2997 346 3060 οί
357 2991 517 3083 Ἐφέσιοι,
535 2993 612 3064 οότε
621 2996 868 3083 προακηκοότες
882 2993 927 3075 ὡς
941 2995 1007 3084 εἶχε
1020 2998 1095 3084 περὶ

92 3097 160 3159 τῶν
169 3093 278 3175 Χίων,
293 3089 422 3170 ίδόντες
434 3119 470 3161 τε
485 3091 629 3178 στρατόν
642 3095 676 3173 ές
691 3091 754 3180 τὴν
766 3093 879 3183 χάρην
893 3094 1096 3184 ἐσβεβληκό-

93 3216 149 3275 τα,
170 3188 281 3274 πάγχυ
298 3189 403 3275 σφέας
423 3192 663 3272 καταδόξαντες
682 3189 767 3260 είναι
784 3198 917 3270 κλῶπας
936 3194 993 3286 καί
1010 3193 1095 3263 ίέναι

92 3287 145 3355 ἐπὶ
159 3282 218 3365 τάς
231 3301 392 3373 γυναῖκας
412 3285 596 3374 ἐξεβάθεον
613 3292 779 3377 πανδημεί
789 3292 845 3360 καί
856 3294 1008 3360 ἔκτεινον
1018 3287 1095 3368 τοὺς

91 3390 202 3464 Χίους.
239 3377 332 3454 οὗτοι
358 3386 421 3472 μέν
439 3413 505 3456 νυν
529 3388 701 3476 τοιαότησι
725 3387 943 3476 περιέπιπτον
966 3388 1092 3478 τύχησε,
