2378 3840
143 174 185 240 70
517 177 771 236 HERODOTI

145 341 299 426 βασιλέα,
317 341 351 418 ές
364 334 385 406 δ
399 336 501 426 γήραι
513 340 597 423 μέγα
608 332 721 424 ὄλβιος
730 332 796 404 ἐάν
807 335 999 424 ἐτελεύτησε
1012 338 1145 418 ένΠέρ-

144 457 230 526 σησι.
270 437 396 524 Σάμιοι
416 436 453 505 δὲ
467 434 735 522 ἀπαλλαχθέντες
748 434 884 521 Μήδων
895 432 1037 520 άπονητλ
1050 435 1152 504 πόλιν

97 547 131 601 25
148 542 327 621 καλλίστην
342 534 499 622 Ζάγκλην
515 535 776 622 περιεβεβλέατο.
799 532 880 620 μετά
897 532 1009 622 δὲτὴν
1019 561 1153 621 ναυμα-

145 643 220 722 χίην
234 633 297 722 τήν
317 632 403 721 ὑπὲρ
418 633 575 722 Μιλήτου
591 635 778 720 γενομένην
793 639 949 711 Φοίνικες
968 633 1154 701 κελευσάν-

145 761 214 803 των
224 739 383 824 Περσέων
395 741 541 823 κατῆγον
551 735 711 820 ἐςΣάμον
721 734 849 802 Αίάκεα
860 731 921 802 τόν
929 741 1153 812 Συλοσῶντος

148 829 192 910 ὡς
207 840 334 901 πολλοῦ
350 859 387 903 τε
400 832 496 915 άξιον
512 833 698 920 γενόμενον
712 838 808 917 σφίσι
821 835 877 900 καλ
890 831 1018 918 μεγάλα
1032 857 1152 917 κατερ-

144 931 346 1018 γασάμενον.
369 935 424 1001 καλ
435 939 595 1027 Σαμίοισι
604 930 760 1017 μούνοισι
774 937 843 999 τῶν
851 927 1071 1000 ἀποστάντων
1085 927 1150 1000 ἀπὸ

144 1036 295 1118 Δαρείου
310 1028 366 1099 διά
381 1029 443 1119 τήν
457 1037 607 1114 ἔκλειψιν
617 1037 686 1098 τῶν
700 1038 788 1099 νεῶν
801 1028 864 1118 τήν
878 1033 915 1099 έν
928 1039 969 1121 τῇ
985 1037 1152 1118 ναυμαχίη

145 1128 223 1197 οὔτε
236 1126 257 1216 ἡ
272 1129 369 1209 πόλις
380 1129 457 1199 οὔτε
468 1128 508 1198 τά
519 1127 577 1219 ίρά
591 1129 793 1217 ἐνεπρήσθη.
822 1130 980 1217 Μιλήτου
995 1129 1032 1198 δὲ
1046 1126 1151 1197 άλοό-

146 1247 206 1315 σης
221 1225 341 1297 αὐτίκα
355 1236 488 1319 Καρίην
502 1236 600 1317 έσχον
615 1235 649 1299 οί
661 1232 804 1317 Πέρσαι,
819 1229 879 1311 τάς
892 1234 955 1318 μὲν
968 1228 1152 1316 ἐθελοντήν

145 1334 213 1394 των
227 1333 354 1395 πολίων
365 1325 603 1417 ὑποκυψάσας,
621 1327 681 1409 τάς
691 1332 728 1398 δὲ
742 1328 872 1420 ἀνάγκη
886 1332 1149 1421 προσηγάγοντο.

98 1454 133 1508 ςς
234 1434 346 1496 Ταῦτα
357 1429 420 1514 μὲν
431 1427 471 1517 δή
484 1427 573 1499 οὕτω
589 1432 726 1517 ἐγίνετο,
737 1428 876 1522 Ἱστιαίω
888 1434 925 1498 δὲ
937 1437 983 1522 τῷ
995 1435 1151 1519 Μιλησίῳ

145 1524 236 1594 ἐόντι
252 1529 328 1613 περὶ
338 1526 524 1606 Βυζάντιον
533 1531 589 1595 καί
603 1526 874 1615 συλλαμβάνοντι
887 1525 946 1607 τάς
958 1526 1082 1596 Ἰιόνων
1093 1524 1151 1594 ὁλ-

145 1621 250 1702 κάδας
265 1626 481 1706 έκπλωοόσας
495 1629 531 1694 έκ
549 1632 611 1694 τοῦ
624 1625 761 1694 Πόντου
779 1627 1006 1713 ἐξαγγέλλεται
1020 1622 1062 1693 τά
1078 1625 1150 1708 περὶ

146 1730 301 1808 Μίλητον
311 1724 487 1812 γενόμενα.
507 1721 548 1793 τά
560 1728 622 1810 μέν
637 1723 677 1811 δή
689 1724 765 1811 περὶ
776 1722 1021 1811 Ἑλλήσποντον
1036 1729 1152 1809 ἔχοντα

145 1825 322 1913 πρήγματα
334 1825 505 1911 ἐπιτράπει
513 1824 660 1912 Βισάλτη
671 1822 938 1909 Ἀπολλοφάνεος
948 1822 1043 1890 παιδὶ
1053 1818 1152 1908 ’Λβν-

146 1927 254 2015 δηνςό,
271 1921 372 2002 αὐτὸς
385 1925 421 1992 δέ
437 1929 522 2010 έχων
536 1929 700 2011 Λεσβίους
715 1924 748 2001 ές
760 1928 845 1990 Χίον
860 1925 977 2005 έπλωε,
994 1920 1050 1986 καλ
1060 1922 1152 1985 Χίων

145 2027 280 2107 φρουρῇ
295 2016 337 2087 οό
351 2023 553 2109 προσιεμένη
567 2046 626 2107 μιν
637 2023 801 2106 συνέβαλε
816 2022 853 2085 έν
864 2023 1017 2084 Κοίλοισι
1032 2023 1151 2082 καλεο-

144 2118 276 2202 μένοισι
286 2123 344 2203 τῆς
353 2123 436 2204 Χίης
445 2115 563 2204 χώρης.
582 2119 712 2188 τούτων
722 2143 757 2187 τε
768 2115 809 2204 δή
822 2114 985 2202 ἐφόνευσε
996 2110 1151 2199 συχνοὺς,

145 2217 278 2282 καὶτῶν
292 2221 420 2283 λοιπῶν
430 2223 523 2284 Χίων
526 2267 539 2321 ,
556 2212 609 2285 οἷα
625 2213 666 2304 δή
681 2217 925 2301 κεκακωμένων
939 2218 976 2283 ἐκ
993 2219 1053 2298 τῆς
1066 2236 1149 2277 ναυ-

144 2322 278 2404 μαχίης,
301 2312 318 2383 ὁ
331 2313 481 2395 Ἱστιαῖος
496 2323 581 2404 ἔχων
602 2315 682 2395 τούς
695 2321 860 2404 Λεσβίους
874 2311 1095 2400 έπεκράτησε,
1116 2310 1153 2376 ἐκ

97 2430 132 2488 27
146 2418 312 2498 Πολίχνης
329 2418 386 2500 τῆς
400 2420 493 2482 Χίων
508 2413 720 2503 ὁρμεόμενος.
758 2414 870 2480 Φιλέει
887 2413 926 2479 δέ
942 2437 1010 2489 κως
1023 2427 1154 2497 προση-

144 2518 293 2598 μαίνειν,
311 2504 381 2580 εὖτ’
395 2507 439 2580 άν
453 2515 556 2600 με’λλη
571 2512 699 2598 μεγάλα
714 2507 800 2577 κακά
813 2504 836 2595 ή
848 2509 926 2577 πόλι
939 2504 961 2593 ή
973 2513 1070 2575 ἔθνει·
1080 2511 1154 2573 ἐσε-

146 2619 244 2678 σθαι·
272 2609 329 2676 καλ
347 2607 412 2696 γάρ
429 2615 541 2678 Χίοισι
559 2604 624 2693 πρὸ
642 2608 773 2675 τούτων
794 2605 918 2693 σημήια
937 2602 1066 2690 μεγάλα
1081 2601 1154 2686 έγέ-

129 2699 230 2777 νετο.
251 2716 350 2777 τοῦτο
362 2711 425 2794 μέν
435 2728 496 2795 σφι
506 2712 653 2796 πέμψασι
664 2710 698 2787 ἐς
708 2702 866 2793 Δελφοδς
875 2700 980 2792 χορδν
990 2702 1152 2787 νεηνιέων

146 2804 265 2876 έκατδν
282 2805 344 2874 δύο
361 2813 482 2893 μοῦνοι
498 2806 629 2874 τούτων
643 2803 894 2891 άπενόστησαν,
917 2798 997 2878 τούς
1012 2800 1049 2867 δὲ
1066 2793 1153 2867 όκτοί

145 2932 181 2975 τε
201 2907 257 2975 καὶ
277 2905 479 2992 ἐνενήκοντα
504 2903 616 2972 αὐτῶν
640 2903 755 2991 λοιμός
779 2898 961 2989 ὑπολαβών
981 2895 1154 2984 ἀπήνεικε,

145 3013 244 3075 τοῦτο
259 3004 295 3071 δὲ
305 3007 343 3072 έν
356 3011 395 3095 τῇ
405 3003 483 3073 πόλι
493 3000 553 3072 τόν
565 3000 670 3072 αὐτόν
682 3010 804 3072 τοῦτον
813 3001 954 3091 χρόνον,
969 2995 1074 3088 όλίγφ
1088 2991 1153 3083 πρὸ

145 3110 202 3191 τῆς
218 3108 419 3189 ναυμαχίης,
434 3103 526 3170 παισὶ
542 3101 718 3190 γράμματα
732 3100 1002 3184 διδασκομένοισι
1018 3097 1153 3165 ένέπεσε

144 3200 165 3289 ἡ
181 3203 296 3287 στέγη,
320 3198 404 3267 ὥστε
418 3197 477 3267 ἀπ’
493 3197 613 3268 έκατδν
629 3203 686 3270 καλ
700 3209 805 3268 εἴκοσι
819 3202 950 3266 παίδων
965 3191 1012 3277 εἷς
1026 3200 1153 3282 μοῦνος

145 3298 307 3387 άπέφυγε.
336 3306 440 3367 ταῦτα
456 3303 518 3386 μέν
533 3319 595 3387 σφι
611 3298 736 3388 σημήια
750 3296 769 3369 ὁ
786 3296 868 3379 θεὸς
882 3297 1057 3384 προέδεξε,
1073 3288 1152 3383 μετά

146 3402 182 3468 δὲ
208 3407 312 3468 ταῦτα
334 3398 355 3486 ή
377 3406 543 3486 ναυμαχίη
563 3397 782 3487 ὑπολαβοῦσα
803 3402 836 3478 ές
860 3396 948 3486 γόνυ
969 3394 1033 3486 τήν
1053 3392 1153 3464 πόλιν
