2378 3840
330 215 416 272 ΗΒ.
448 213 495 270 IX.
528 212 629 271 CAP.
662 217 804 275 70-74.
964 154 978 181 ⁰
1011 210 1074 275 ³2³

66 396 176 440 νοντο.
197 371 429 458 Καλλικράτης
442 367 508 458 γάρ
524 374 585 451 ἐξω
595 376 653 457 τῆς
666 370 772 458 μάχης
782 373 943 458 ἀπέθανε,
959 371 1072 442 ἐλθοδν

65 467 152 557 άνήρ
167 468 342 548 κάλλιστος
361 471 395 548 ἐς
414 466 451 536 τὸ
472 466 699 555 στρατόπεδον
719 474 788 535 τῶν
802 467 877 537 τότε
891 467 1072 557 Ἑλλήνων,

65 570 107 639 οὐ
124 579 254 659 μοῦνον
271 567 384 638 αὐτῶν
398 573 684 656 Λακεδαιμονίων,
700 566 784 637 ἀλλὰ
799 572 856 637 καί
871 576 940 637 τῶν
957 569 1072 638 ἄλλων

58 666 245 756 Ἑλλήνων,
261 664 314 755 δς,
331 665 444 753 ἐπειδὴ
460 667 676 754 ἐσφαγιάζετο
693 671 905 756 Παυσανίης,
926 668 1073 756 κατήμε-

62 792 122 844 νος
139 769 176 834 ἐν
187 771 227 855 τῇ
235 765 308 845 τάξι
320 769 551 854 ἐτρωματίσθη
561 764 737 853 τοξεύματι
747 763 788 833 τά
800 768 939 854 πλευρά.
962 769 1018 835 καί
1029 762 1071 853 δὴ

63 869 99 932 οί
107 862 170 947 μὲν
181 861 358 950 ἐμάχοντο,
375 861 438 932 ὁδ’
452 866 721 951 ἐξενηνειγμένος
732 864 962 934 ἐδυσθανάτεέ
969 890 1004 933 τε
1015 868 1071 932 καὶ

63 966 156 1046 ἔλεγε
175 957 260 1048 πρὸς
280 958 516 1049 Ἀρίμνηστον,
542 961 650 1048 ἄνδρα
664 963 834 1031 Πλαταιέα
850 960 893 1030 οὐ
907 969 1020 1049 μέλειν
1038 966 1073 1027 οί

63 1059 114 1129 ὅτι
129 1057 194 1147 πρὸ
209 1066 267 1146 τῆς
276 1059 433 1139 Ἑλλάδος
443 1059 664 1147 ἀποθνήσκει,
680 1059 753 1130 ἄλλ’
768 1060 819 1129 ὅτι
835 1059 898 1129 οὐκ
910 1061 1069 1149 ἐχρήσατο

61 1164 102 1246 τῇ
118 1158 202 1243 χειρὶ
212 1160 268 1225 καλ
283 1156 334 1224 ὅτι
346 1155 447 1226 οὐδέν
461 1161 534 1226 ἐστί
544 1162 580 1226 οί
592 1154 860 1243 άποδεδεγμένου
871 1163 972 1246 ἔργον
984 1161 1069 1227 ε’ωυ-

61 1263 123 1324 τοῦ
140 1254 235 1335 άξιον
255 1259 541 1344 προθυμεομένου
555 1255 791 1338 ἀποδέξασθαι.
824 1256 1014 1346 Ἀθηναίων
1031 1259 1067 1327 δέ
1083 1281 1117 1339 73

61 1359 191 1442 λέγεται
205 1352 421 1443 εὐδοκιμῆσαι
435 1357 608 1443 Σωφάνης
624 1353 642 1424 ὁ
654 1354 863 1444 Εὐτυχίδεω,
878 1356 988 1446 δήμου
998 1368 1068 1427 Δε-

61 1462 253 1541 κελειῆθεν,
273 1458 450 1524 Δεκελέων
474 1457 511 1524 δὲ
531 1461 600 1523 τάν
618 1457 695 1523 κοτὲ
714 1456 952 1541 ἐργασαμένων
966 1462 1067 1543 ἔργον

60 1554 223 1642 χρήσιμον
236 1556 269 1632 ἐς
288 1550 350 1620 τὸν
366 1553 476 1622 πάντα
489 1553 631 1639 χρόνον,
654 1549 698 1630 ὥς
712 1547 808 1620 αὐτοὶ
823 1549 997 1641 Ἀθηναῖοι
1011 1557 1068 1623 λέ-

59 1668 167 1736 γουσι.
191 1643 236 1726 ὥς
248 1647 314 1734 γάρ
335 1647 376 1736 δή
393 1648 431 1716 τὸ
454 1650 557 1717 πάλαι
572 1646 656 1716 κατά
666 1646 800 1735 Ἑλένης
816 1648 959 1738 κομιδήν
976 1658 1067 1718 Τυν-

61 1750 193 1831 δαρίδαι
207 1747 366 1834 ἐσέβαλον
380 1748 414 1824 ἐς
426 1752 492 1832 γῆν
505 1743 568 1832 τήν
576 1743 728 1831 Ἀττικήν
742 1744 808 1814 σδν
823 1755 968 1834 στρατοῦ
979 1747 1066 1834 πλή-

62 1854 119 1911 θει
130 1844 184 1910 καί
200 1840 383 1914 άνίστασαν
396 1844 476 1921 τούς
492 1843 635 1929 δήμους,
657 1839 721 1910 οὐκ
736 1845 858 1923 είδότες
873 1848 931 1912 ἵνα
945 1843 1066 1925 ὑπεξε-

59 1945 152 2009 κέετο
165 1937 328 2026 ήἘλένη,
345 1941 421 2009 τότε
436 1946 571 2028 λέγουσι
581 1938 661 2020 τούς
671 1944 847 2028 Δεκελέας,
863 1947 897 2010 οί
910 1944 946 2011 δὲ
960 1937 1066 2010 αὐτὸν

58 2041 208 2107 Δέκελον
223 2035 416 2125 ἀχθόμενόν
432 2063 469 2106 τε
483 2046 523 2128 τῇ
538 2041 665 2125 Θησέος
684 2036 765 2125 ὕβρι
780 2041 836 2108 καί
851 2044 1065 2127 δειμαίνοντα

58 2139 135 2222 περὶ
148 2134 238 2224 κάση
249 2143 289 2224 τῇ
298 2134 488 2224 Ἀθηναίων
496 2137 599 2226 χάρη,
612 2135 861 2224 ἐξηγησάμενόν
871 2158 933 2225 σφι
945 2137 983 2207 τὸ
996 2145 1065 2207 πᾶν

57 2240 195 2320 πρῆγμα
208 2235 461 2320 κατηγήσασθαι
476 2237 529 2304 ἐπί
542 2232 601 2314 τάς
611 2232 784 2321 Ἀφίδνας,
798 2233 858 2315 τάς
869 2235 910 2324 δή
925 2234 1066 2316 Τιτακὸς

58 2329 124 2398 ἐάν
139 2328 318 2416 αὐτόχθων
332 2337 573 2419 καταπροδιδοῖ
587 2337 822 2421 Τυνδαρίδῃσι.
845 2347 931 2402 τοῖσι
949 2335 985 2402 δὲ
995 2343 1066 2402 Δε-

57 2433 191 2495 κελεῦσι
207 2431 244 2496 έν
258 2429 400 2519 Σπάρτη
414 2428 480 2497 άπδ
495 2429 618 2498 τούτου
630 2437 692 2498 τοῦ
702 2435 805 2514 ἔργον
819 2427 948 2498 άτέλειά
961 2433 1064 2499 τεκαὶ

57 2529 218 2612 προεδρίη
233 2528 391 2595 διατελέει
402 2530 437 2606 ἐς
446 2526 525 2595 τάδε
539 2530 602 2595 αίελ
614 2533 661 2595 ἐτι
672 2529 792 2614 ἐοῦσα,
808 2526 899 2595 οὕτω
910 2527 995 2596 ὥστε
1009 2532 1065 2598 καὶ

57 2626 92 2702 ἐς
101 2621 162 2691 τὸν
172 2621 321 2711 πόλεμον
330 2621 392 2693 τὸν
402 2623 546 2710 ὕστερον
560 2625 712 2695 πολλοῖσι
723 2631 810 2694 ἐτεσι
822 2626 953 2696 τούτων
962 2629 1064 2716 γενό-

57 2747 163 2811 μενον
172 2720 381 2809 Ἀθηναίοισί
386 2750 422 2792 τε
433 2729 795 2813 καὶΠελοποννησίοισι
804 2729 992 2812 σινομένων
1000 2725 1063 2814 τήν

55 2818 164 2905 άλλην
176 2816 327 2906 Ἀττικήν
341 2826 633 2909 Λακεδαιμονίων,
648 2830 827 2910 Δεκελείης
842 2821 1059 2911 ἀποσχέσθαι.

59 2919 191 2985 Τούτου
205 2925 267 2986 τοῦ
283 2918 392 3007 δήμου
405 2917 472 2989 ἐάν
485 2918 504 2989 ὁ
518 2921 690 3010 Σωφάνης
705 2924 760 2990 καί
775 2919 973 3009 άριστεάσας
986 2921 1061 2990 τότε
1076 2932 1111 2988 ⁷4

51 3013 259 3102 Ἀθηναίων,
279 3016 392 3098 διξοδς
408 3017 531 3106 λάγους
544 3021 746 3108 λεγομένους
760 3025 843 3107 ἕχει,
857 3018 919 3089 τδυ
936 3024 998 3106 μὲν
1016 3017 1061 3100 ὡς

56 3115 94 3179 ἐκ
108 3120 168 3179 τοῦ
185 3119 348 3204 ζωστῆρος
362 3123 425 3184 τοῦ
444 3116 602 3204 θώρηκος
617 3118 737 3205 ἐφόρεε
750 3119 872 3207 χαλκέη
885 3115 986 3187 ἁλύσι
1003 3121 1060 3186 δε-

56 3211 200 3295 δεμένην
214 3209 367 3302 ἄγκυραν
377 3219 545 3302 σιδηρέην,
561 3211 625 3302 τήν
635 3212 723 3294 ὅκως
733 3214 887 3284 πελάσειε
900 3213 1061 3286 άπικνεό·

55 3331 157 3394 μενος
170 3320 256 3378 τοίσι
272 3314 689 3408 πολεμίοισιβαλλέσκετο,
704 3316 762 3382 ἵνα
778 3313 820 3401 δή
834 3339 894 3400 μιν
911 3318 946 3382 οί
958 3318 1060 3385 πολί-

53 3433 126 3494 μιοι
139 3410 349 3490 ἐκπίπτοντες
364 3413 400 3480 ἐκ
410 3419 469 3500 τῆς
478 3413 588 3495 τάξιος
598 3421 813 3502 μετακινῆσαι
824 3410 1057 3566 μηηδηναίατο·
