2378 3840
134 182 196 246 ιιι
342 150 345 153 ’
513 183 764 240 ιιιιιιοοοτι

131 348 186 429 κίη
203 342 287 430 αὕτη
301 342 469 429 μεγάλως,
486 335 571 406 καὶό
585 335 771 423 Ἀλκμαίων
782 329 881 416 οὗτος
896 336 985 404 οὕτω
998 350 1138 427 τεθριπ-

62 459 115 513 126
129 440 345 527 ποτροφήοας
356 437 560 523 Ὀλυμπιάδα
575 432 775 523 άναιρίεται,
789 433 871 523 μετά
887 435 933 523 δέ,
948 445 1048 527 γενεῇ
1059 437 1139 508 δευ-

131 543 209 627 τέρη
237 537 397 622 ὕστερον,
423 537 631 620 Κλεισθένης
651 559 710 619 μιν
734 531 752 601 ὁ
775 541 951 615 Σικυῶνος
971 538 1139 624 τύραννος

132 635 259 722 ἐξήειρε
279 632 364 701 ὥστε
383 639 495 724 πολλῷ
517 628 807 719 ούνομαστοτέρην
825 636 986 718 γενέσθαι
1003 639 1041 704 ἐν
1054 652 1140 706 τοῖσι

129 735 281 819 Ἕλλησι,
299 728 321 819 ἢ
336 732 502 818 πρότερον
514 723 557 819 ἦν
590 736 791 800 Κλεισθένει
798 731 925 825 γάρτῷ
937 733 1140 823 Ἀριστωνύ-

131 858 199 919 μου
213 839 276 899 τοῦ
286 831 459 918 Μύρωνος
471 837 534 898 τοῦ
543 828 686 916 Ἀνδρέω
696 837 823 915 γίνεται
837 833 1011 920 θυγάτηρ,
1026 842 1066 923 τῇ
1077 833 1138 901 ού-

132 957 219 1019 νομα
235 923 280 1017 ἦν
297 927 481 1017 Ἀγαρίστη.
511 929 639 1016 ταύτην,
656 926 802 1016 ἠθέλησε
816 929 987 1019 Ἑλλήνων
1000 934 1138 1002 πάντων

133 1029 279 1118 ε’ξευράεν
289 1027 350 1097 τόν
364 1027 620 1120 άριστοντούτω
630 1043 775 1114 γυναῖκα
786 1039 996 1115 προσθεῖναι.
1017 1028 1139 1117 Ὀλυμ-

132 1138 219 1200 πίων
235 1123 284 1213 όν
298 1127 424 1197 ἐόντων
435 1124 621 1195 καὶνικέων
631 1127 668 1194 ἐν
679 1124 808 1195 αὐτοῖσι
822 1133 995 1219 τεθρίππῳ
1007 1126 1027 1196 ό
1037 1136 1136 1196 Κλει·

132 1233 256 1316 σθέυης
266 1228 422 1316 κη’ρυγμα
437 1226 624 1312 ἐποιήσατο,
638 1222 728 1304 ὅστις
736 1222 905 1311 Ἑλλήνων
915 1225 1043 1293 ἑωυτόν
1054 1223 1140 1306 άξιολ

131 1329 354 1404 Κλεισθένεος
364 1321 518 1412 γαμβρόν
528 1326 698 1409 γενέσθαι,
713 1321 809 1410 ἥκειν
820 1325 854 1403 ἐς
864 1322 1043 1410 ἑξηκοστὴν
1058 1321 1138 1410 ἡμέ-

132 1452 196 1512 ρην
206 1421 227 1511 ἢ
239 1427 294 1492 καί
307 1423 474 1509 πρότερον
485 1425 518 1499 ἐς
524 1427 685 1488 Σικυῶνα
697 1418 742 1499 ὡς
752 1421 964 1508 κυρώσοντος
972 1426 1136 1492 Κλειοθέ·

79 1547 82 1550 “
129 1552 205 1602 νεος
216 1522 276 1591 τὸν
284 1522 395 1610 γάμον
406 1523 443 1589 ἐν
454 1524 606 1610 ἐνιαυτῷ,
618 1516 683 1585 άπό
696 1525 753 1605 τῆς
765 1522 939 1608 ἑξηκοστῆς
949 1518 1136 1608 άρξαμίνου

129 1620 262 1708 ἡμέρης.
292 1620 458 1690 Ἐνθαῦτα
467 1617 636 1707 Ἑλλήνων
653 1616 727 1685 ὅσοι
743 1623 837 1703 σφίσι
852 1643 888 1685 τε
903 1616 1032 1687 αύτολσι
1050 1612 1134 1706 ἦσαν

130 1723 184 1787 καὶ
196 1719 304 1807 πάτρη
316 1722 553 1807 ἐξωγκωμένοι,
568 1720 722 1804 ἐφοίτεον
732 1707 1024 1804 μνηστῆρες·’τοῖσι
1035 1725 1137 1786 Κλει-

132 1821 256 1902 σθένης
267 1818 322 1885 καὶ
336 1816 464 1904 δρόμον
474 1820 530 1885 καὶ
542 1815 989 1902 παλαίστρηνποιησάμενος
1004 1815 1057 1885 ἐπ’
1074 1813 1136 1884 αύ-

66 1938 114 1992 127
130 1925 175 2008 τῷ
193 1916 300 2007 τούτω
316 1914 388 2001 εἶχε.
426 1913 504 1983 Ἀπό
520 1915 583 2002 μὲν
598 1914 638 2001 δὴ
657 1914 792 2001 Ἰταλίης
806 1907 892 2002 ἦλθε
906 1921 1135 2004 Σμινδυρίδης

130 2011 391 2098 ὁἸπποκράτεος
400 2019 606 2101 Συβαρίτης,
622 2010 658 2090 ὃς
673 2015 726 2079 ἐπὶ
739 2020 896 2081 πλείστου
910 2010 950 2099 δὴ
964 2018 1077 2101 χλιδῆς
1092 2009 1136 2092 εἷς

130 2108 216 2196 ἀνὴρ
233 2106 367 2177 άπίκετο
393 2106 424 2196 ’ἡ
440 2109 476 2177 δέ
491 2109 643 2198 Σύβαρις
662 2107 785 2197 ἤκμαζε
799 2119 921 2180 τούτου
940 2109 1000 2180 τόν
1014 2112 1136 2200 χρόνον

130 2205 306 2294 μάλιστα,
321 2209 376 2274 καὶ
393 2212 529 2293 Σιρίτης
542 2208 704 2293 Δάμασος
714 2205 870 2295 Ἀμύριος
883 2216 944 2277 τοῦ
956 2219 1067 2297 σοφοῦ
1081 2221 1137 2280 λε-

128 2308 276 2391 γομένου
290 2319 377 2384 παῖς.
398 2298 492 2374 οὗτοι
507 2309 568 2393 μὲν
582 2304 643 2375 ἀπ’
666 2304 801 2394 Ἰταλίης
815 2301 941 2394 ἦλθον,
962 2311 999 2377 ἐκ
1022 2310 1059 2377 δὲ
1075 2317 1135 2378 τοῦ

129 2404 259 2472 κόλπου
280 2412 341 2470 τοῦ
359 2402 479 2473 Ἰονίου
496 2402 740 2492 Ἀμφίμνηστος
762 2403 985 2492 Ἐπιστρόφου
1003 2404 1136 2475 Ἐπιδά-

130 2529 241 2588 μνιος·
264 2494 363 2582 οὗτος
375 2507 411 2572 δέ
425 2506 461 2572 ἐκ
474 2510 536 2572 τοῦ
546 2501 667 2572 Ἰονίου
680 2505 818 2573 κόλπου.
841 2500 991 2584 Αἰτωλός
1002 2505 1039 2572 δὲ
1049 2497 1136 2592 ἦλθε

132 2599 299 2688 Τιτόρμου
312 2609 373 2670 τοῦ
388 2600 603 2690 ὑπερφύντος
617 2629 652 2670 τε
659 2601 821 2687 Ἕλληνας
835 2602 926 2687 ἰσχύι·
937 2605 992 2670 καὶ
1003 2601 1135 2688 φυγόν-

128 2726 183 2778 τος
207 2697 412 2786 ἀνθρώπους
435 2702 468 2778 ἐς
489 2699 547 2779 τάς
567 2697 716 2785 ἐσχατιάς
736 2706 792 2786 τῆς
812 2703 994 2778 Αἰτωλίδος
1014 2698 1133 2786 χάρης,

127 2796 250 2864 τούτου
261 2803 322 2861 τοῦ
337 2797 504 2883 Τιτόρμου
515 2795 677 2884 ἀδελφεός
688 2797 818 2881 Μάλης.
835 2793 900 2864 άπδ
913 2797 949 2864 δέ
957 2805 1134 2867 Πελοπον-

129 2893 236 2981 νήσου
247 2898 416 2973 Φείδωνος
429 2903 490 2963 τοῦ
501 2894 658 2984 Ἀργείων
673 2894 845 2982 τυράννου
858 2908 934 2973 παῖς
944 2896 1134 2983 Λεωκήδης,

130 3000 298 3070 Φείδωνος
314 2993 350 3060 δέ
364 3000 425 3060 τοῦ
439 2993 480 3062 τά
497 3001 599 3084 μέτρα
616 2994 816 3082 ποιήσαντος
832 3002 1134 3082 Πελοποννησίοισι

128 3096 183 3162 καὶ
200 3091 401 3178 ὑβρίσαντος
414 3096 551 3180 μέγιστα
572 3094 613 3182 δὴ
626 3093 795 3181 Ἑλλήνων
808 3090 985 3182 ἁπάντων,
1008 3093 1046 3175 δς
1061 3097 1134 3176 ἐξα-

127 3190 294 3277 ναστήσας
303 3189 383 3271 τούς
393 3189 531 3263 Ἠλείων
545 3193 758 3281 ἀγωνοθέτας
772 3189 873 3272 αὐτὸς
886 3192 947 3262 τόν
962 3195 1000 3261 ἐν
1011 3190 1134 3279 Ὀλυμ-

127 3296 186 3377 πίη
201 3287 315 3377 ἀγῶνα
331 3297 444 3381 ἔθηκε,
459 3294 580 3361 τούτου
594 3319 629 3360 τε
646 3288 686 3376 δὴ
701 3305 794 3379 παῖς,
812 3294 867 3361 καὶ
878 3287 1050 3378 Ἀμίαντος
1062 3297 1132 3359 Λυ-

124 3388 276 3477 κούργου
295 3389 412 3474 Ἀρκάς
428 3396 464 3460 ἐκ
484 3397 749 3478 Τραπεζοῦντος,
773 3394 828 3459 καί
846 3388 941 3474 Ἀζὴν
964 3392 1001 3458 ἐκ
1025 3396 1133 3459 Παίου
