2378 3840
133 193 175 256 28
513 191 764 250 HERODOTI

135 353 279 441 ὕστερον
293 350 361 422 ὑπὸ
375 357 535 420 Βοιωτῶν
545 346 774 434 ἀναχωρέουσι
786 350 819 424 ἐς
829 343 992 433 Ἀθήνας·
1011 351 1076 414 καί
1083 366 1135 433 σφι

136 453 193 540 ίρά
211 456 280 521 ἐστι
302 455 339 519 έν
355 449 515 538 Ἀθήνησι
536 451 716 533 ἱδρυμένα,
742 452 812 512 τῶν
831 441 933 512 οὐδὲν
953 447 1038 530 μέτα
1060 458 1137 512 vom

135 562 281 621 λοιποῖσι
294 549 519 637 Ἀθηναίοισι,
541 546 626 616 άλλα
645 573 683 614 τε
701 550 927 632 κεχωρισμένα
941 552 1011 612 τῶν
1032 543 1136 615 ἄλλων

136 658 221 736 ίρῶν
237 651 293 719 καὶ
308 647 350 736 δη
365 653 422 717 καί
434 647 576 734 Ἀχαιίης
590 647 770 733 Δήμητρος
785 644 863 730 ίρόν
877 670 914 711 τε
927 646 984 712 καί
999 641 1109 731 ὄργια.

88 761 124 816 6²
216 749 262 818 Η
267 752 330 836 μὲν
340 747 465 836 δήὅυις
476 773 539 814 του
523 743 729 868 Ἵππαρχον
742 744 980 827 &mamad
990 745 1136 829 οίΓεφυ-

138 864 227 940 ραῑοι
240 849 327 918 ὅθεν
345 847 562 936 ἐγεγόνεσαν,
582 852 652 967 τρῑν
668 838 757 932 ἦσαν
770 841 820 912 οῖ’
818 842 996 930 Ιππάρχου
1011 845 1136 929 φονίας,

138 948 310 1071 ἀπήγηταί
318 972 392 1034 μοι·
427 948 481 1013 δελ
497 947 534 1014 δὲ
549 941 633 1065 πρὸς
649 944 798 1011 τούτοισι
817 948 864 1010 ἔτι
883 939 1072 1030 άναλαβελν
1085 938 1137 1010 τόν

138 1044 212 1116 κατ’
229 1042 332 1167 άρχάς
346 1041 403 1132 ἤια
423 1044 528 1124 λέξων
548 1040 668 1128 λόγον,
691 1068 736 1119 ως
755 1040 935 1128 τυράννων
948 1036 1132 1128 ἠλευθερά

138 1155 252 1231 θησαν
262 1140 444 1228 Ἀθηναῖοι.
475 1140 608 1209 Ἱππίεω
618 1137 886 1223 τυραννεύοντος
897 1141 954 1207 καί
968 1140 1137 1226 έμκικραν

140 1245 287 1328 νομένου
309 1238 516 1327 Ἀθηναίοισι
536 1235 591 1306 διά
613 1236 674 1306 τόν
694 1236 877 1324 Ἱππάρχου
896 1235 1055 1305 θάνατον
1073 1234 1138 1305 Ἀλ-

141 1343 341 1425 κμαιωνίδαι
363 1339 460 1424 γένος
481 1336 592 1414 ἐόντες
610 1334 783 1423 Ἀθηναῖοι
798 1338 853 1404 καὶ
866 1336 1054 1423 φεύγοντες
1066 1342 1139 1405 Πα-

142 1440 367 1522 σιστρατίδας,
399 1439 506 1503 έπείτε
528 1454 590 1521 σφι
612 1433 681 1519 ἅμα
701 1447 786 1502 τοῖσι
808 1432 938 1502 άλλοισι
955 1430 1139 1520 Ἀθηναίων

143 1533 271 1619 φυγάσι
293 1533 532 1618 πειρεομένοισι
555 1529 638 1600 κατά
663 1529 701 1599 τὰ
727 1529 867 1618 ίσχυρόν
891 1527 933 1598 οὔ
957 1530 1140 1619 προεχάρεε

142 1628 415 1720 ἡκάτοδος,άλλά
428 1633 653 1716 προσέπταιον
669 1630 821 1715 μεγάλως
841 1627 1048 1716 πειρεόμενοι
1068 1656 1141 1698 καν-

143 1730 194 1795 ιέυ
186 1753 230 1793 αι
255 1752 291 1793 τε
311 1729 366 1795 καί
385 1726 648 1815 ἐλευθεροῦν
611 1754 670 1806 τας
689 1724 851 1814 Ἀθήνας,
878 1726 1137 1813 Λειψύδριον
1107 1753 1139 1796 το

143 1822 228 1910 ὑπερ
247 1831 411 1912 Παιονίης
429 1833 644 1911 τειχίσαντες,
670 1827 820 1892 ε’νθαίπα
840 1850 872 1894 οι
864 1822 1179 1912 Ἀλκμαιωνίδα

143 1932 211 1992 πᾶν
224 1927 277 1992 έπλ
291 1939 376 1993 τοῖσι
386 1929 677 2012 Πεισιστρατίδῃσι
687 1948 929 2010 μηχανεομενοι
935 1948 1003 2012 παρ
1025 1914 1179 2012 Ἀμφι-

144 2024 299 2090 κτυόνων
308 2020 369 2090 τόν
380 2020 465 2109 νηόν
478 2029 681 2109 μισθοῦνται
691 2020 753 2090 τόν
766 2025 804 2091 έν
814 2031 989 2109 Δελφοῖσι,
1006 2020 1071 2091 τὸν
1083 2028 1144 2090 νῦν

145 2119 259 2205 ἐόντα,
273 2119 348 2187 τότε
363 2119 459 2187 δὲ
417 2145 524 2204 ονκω,
540 2127 662 2188 τοῦτον
672 2124 930 2208 ἐξοικοδομῆσαι.
951 2117 1006 2190 οἷα
1019 2123 1144 2209 δὲχρη-
1177 2162 1179 2195 ;

144 2217 260 2303 μάτων
275 2210 315 2284 εὖ
329 2214 468 2302 ἥκοντες
484 2221 540 2287 καὶ
559 2220 671 2298 ἐόντες
689 2218 810 2307 ἄνδρες
831 2221 964 2307 δόκιμοι
978 2219 1144 2290 ἀνέκαθεν

145 2319 203 2400 ἔτι,
215 2314 276 2381 τόν
289 2339 324 2382 τε
334 2314 420 2402 νηόν
431 2317 650 2404 ἐξεργάσαντο
660 2324 722 2384 τοῦ
731 2322 997 2405 παραδείγματος
1008 2318 1144 2388 πάλλων

144 2412 185 2481 τά
200 2438 237 2480 τε
250 2410 350 2500 αλλα,
366 2441 421 2483 και
410 2418 654 2504 συγκειμένου
668 2437 730 2503 σφι
745 2425 897 2507 πωρίνου
908 2425 1011 2488 λίθου
1020 2423 1145 2488 ποιέειν

95 2522 130 2577 63
145 2509 206 2580 τόν
223 2510 310 2599 νηόν
322 2520 455 2601 Παρίου
474 2513 515 2583 τά
535 2521 706 2602 ἔμπροσθε
726 2513 833 2584 αὐτου
817 2519 1055 2602 ἐξεποίησαν.
1092 2513 1145 2593 Ὦς

147 2601 296 2731 ωνδήοί
261 2607 475 2698 οἈθηναῑοι
490 2607 696 2700 λέγουσι,
652 2639 747 2683 ουτοι
760 2642 793 2683 οι
784 2612 925 2704 ’ἄνδρες
935 2617 972 2684 έν
983 2625 1145 2703 Δελφολσι

146 2709 326 2797 κατήμενοι
337 2706 519 2779 άνέπειθον
529 2711 591 2799 τὴν
600 2720 740 2800 Πυθίην
749 2713 903 2801 χρήμασι,
918 2713 1006 2793 ’όκως
1015 2720 1146 2784 ἔλθοιεν

147 2811 386 2895 Σπαρτιητέων
402 2807 524 2897 ἄνδρες
538 2821 604 2879 εἴτε
620 2817 693 2902 ίδίφ
707 2813 817 2904 στόλφ
831 2822 896 2880 εἴτε
907 2817 1057 2903 δημοσίῳ
1070 2836 1146 2900 χρη-

146 2907 301 2993 σόμενοι,
325 2909 509 2995 προφέρειν
525 2930 586 2995 σφι
603 2909 661 2989 τάς
671 2908 816 2998 Ἀθήνας
830 2913 1048 2997 ἐλευθεροῦν.
1082 2917 1146 2977 Λα·

147 3003 355 3091 κεδαιμόνωι
371 3005 424 3091 δὲ,
447 3005 492 3085 ὥς
508 3031 569 3094 σφι
588 3010 652 3076 αίελ
671 3005 777 3076 τόυτό
798 3008 995 3095 πρόφαντον
1012 3009 1146 3094 ἐγίνετο,

148 3105 317 3189 πέμπουσι
335 3100 542 3190 Ἀγχιμόλιον
563 3103 623 3172 τόν
643 3102 808 3192 Ἀστέρος,
831 3105 929 3174 έόντα
950 3111 1020 3172 τῶν
1040 3103 1147 3174 ἀστῶν

148 3201 256 3287 ἄνδρα
277 3200 435 3287 δόκιμον,
462 3193 528 3271 σόν
548 3210 676 3293 στρατῷ
698 3200 865 3280 ἐξελέουτα
877 3207 1148 3290 Πεισιστρατίδας

149 3302 183 3378 ἐξ
195 3295 382 3386 Ἀθηνέων,
404 3299 493 3386 ὅμως
507 3304 562 3369 καὶ
581 3306 710 3381 ξείνους
724 3320 786 3388 σφι
801 3303 916 3380 ἐόντας
935 3300 976 3369 τά
991 3302 1147 3387 μάλιστα·

150 3393 189 3464 τά
205 3398 269 3483 γάρ
289 3404 351 3466 τοῦ
374 3405 460 3468 θεοῦ
483 3399 693 3486 πρεσβύτερα
715 3403 886 3468 ἐποιεῦντο
903 3395 925 3486 ἢ
940 3396 980 3465 τά
1001 3407 1074 3466 τῶν
1094 3395 1147 3465 άν·
