2378 3840
119 200 183 264 238
498 201 750 259 nssnonorl

118 387 184 430 ουν
197 355 324 447 πάντα,
341 362 397 428 καί
413 356 496 427 κατὰ
511 357 574 443 μέν
587 364 735 427 ἔκαυσαν
748 360 893 448 Δρυμὸν
908 366 1028 452 πόλιν,
1045 363 1129 434 κατά

120 461 156 530 δὲ
166 459 413 545 Χαράδρηνκαέ
422 457 570 542 Ἔρωχον
581 459 636 524 καί
650 457 847 542 Τεθρώνιον
856 463 913 530 καὶ
922 459 1131 550 Ἀμφίκαιαν

119 557 174 622 καί
193 558 315 623 Νέωνα
335 560 391 623 καὶ
409 555 550 632 Πεδιέας
571 557 626 622 καί
651 558 786 641 Τριτέας
805 559 861 625 καὶ
877 555 1054 628 Ἐλάτειαν
1075 563 1128 630 καλ

113 652 295 739 Ὑάμπολιν
310 656 366 720 καί
381 659 663 739 Παραποταμίους
679 656 734 721 καί
746 652 862 742 Ἄβας,
885 661 974 724 ἔνθα
988 649 1037 743 ήν
1052 655 1127 744 ίρδν

114 747 504 836 Ἀπόλλωνοςπλοόσιον,
512 757 718 837 θησαυροῖσί
722 777 758 818 τε
767 748 1032 839 καὶάναθήμασι
1043 762 1126 821 πολ-

117 856 203 915 λοϊσι
215 849 540 935 κατεσκευασμένον·
557 841 601 934 ήν
611 851 648 916 δὲ
658 852 713 916 καὶ
725 848 800 918 τότε
813 851 869 918 καὶ
879 855 948 917 νῦν
961 851 1034 918 ἐστὶ
1045 876 1126 937 χρη-

118 947 255 1035 στήριον
268 943 408 1015 αὐτόθν
430 949 597 1014 καὶτοῦτο
613 944 651 1014 τδ
666 945 744 1034 ίρόν
757 951 964 1036 συλήσαντες
980 951 1124 1037 ἐνέπρη-

116 1066 190 1115 σαν.
214 1054 273 1115 καί
283 1074 377 1127 τινας
392 1046 570 1126 διῶκοντες
583 1041 674 1114 εἷλον
689 1054 758 1114 τῶν
774 1051 923 1116 Φωκέων
936 1041 1026 1135 πρὸς
1039 1060 1124 1114 τοῖσι

116 1146 249 1233 οὔρεσι,
265 1151 320 1215 καλ
335 1145 497 1233 γυναῖκάς
513 1172 606 1224 τινας
623 1148 822 1234 διέφθειραν
837 1146 1042 1232 μισγόμενοι
1056 1141 1121 1212 ima

68 1265 102 1321 ³4
117 1249 273 1335 πλήθεος.
295 1256 577 1335 Παραποταμίους
593 1253 630 1318 δέ
643 1247 928 1336 παραμειβόμενοι
943 1251 980 1316 οἱ
991 1246 1123 1336 βάρβα-

115 1375 169 1435 ροι
185 1346 344 1417 ἀπίκοντο
366 1353 399 1429 ές
413 1351 598 1428 Πανοπέας.
629 1351 790 1418 ἐνθεῦτεν
810 1347 847 1416 δέ
861 1347 926 1434 ήδη
946 1351 1122 1432 διακρινο-

114 1451 198 1533 μένη
212 1444 233 1533 ή
248 1445 383 1535 στρατιή
401 1446 514 1515 αὐτῶν
526 1450 675 1532 ἐσχίζετο.
698 1444 734 1513 τδ
746 1445 809 1532 μὲν
819 1452 977 1512 πλείστου
993 1445 1050 1511 καὶ
1062 1446 1121 1510 δυ-

115 1546 305 1613 νατώτατον
325 1554 385 1613 τοῦ
405 1552 550 1629 στρατοῦ
566 1544 635 1630 ἀμα
654 1542 744 1635 αὐτῷ
760 1546 865 1630 Ξέρξη
885 1540 1122 1629 πορευόμενον

115 1643 167 1713 ἐπ’
187 1643 333 1731 Ἀθήνας
353 1647 487 1733 ἐσέβαλε
504 1646 538 1723 ἐς
552 1649 737 1730 Βοιωτούς,
757 1645 791 1723 ἐς
804 1648 870 1730 γῆν
883 1638 946 1728 τήν
962 1639 1118 1728 Ὀρχομε·

114 1748 207 1811 νίων.
229 1751 387 1811 Βοιωτῶν
401 1744 438 1810 δὲ
452 1750 521 1810 πᾶν
533 1740 571 1810 τδ
586 1749 716 1829 πλῆθος
729 1741 875 1829 ἐμήδιζε,
895 1736 956 1818 τδς
971 1741 1010 1808 δὲ
1024 1738 1120 1815 πόλις

114 1839 227 1909 αὐτῶν
250 1839 371 1928 ἀνδρες
389 1841 588 1920 Μακεδόνες
614 1842 862 1926 διατεταγμένοι
883 1842 1026 1922 ἔσωζον,
1053 1832 1116 1905 ὑπ’

110 1936 331 2026 Ἀλεξάνδρου
345 1937 632 2025 ἀποπεμφθέντες.
655 1943 778 2017 ἔσωζον
789 1937 825 2003 δὲ
837 1939 931 2022 τῇδε,
948 1935 1119 2022 βουλόμε-

112 2061 166 2103 νοι
188 2039 291 2120 δῆλον
306 2041 434 2104 ποιέειν
448 2038 569 2124 Ξέρξη,
591 2034 643 2103 ότι
663 2032 703 2102 τά
720 2034 852 2121 Μήδων
867 2036 1010 2101 Βοιωτοὶ
1031 2059 1118 2121 φρο-

114 2135 231 2199 νέοιεν.
263 2125 366 2201 Οὗτοι
383 2133 446 2219 μέν
463 2132 503 2220 δή
520 2141 587 2201 τῶν
601 2133 785 2221 βαρβάρων
800 2130 903 2218 ταύτῃ
920 2130 1118 2218 ἐτράποντο,

64 2247 98 2301 ³5
115 2229 210 2297 ἀλλοι
227 2230 263 2297 δὲ
285 2226 396 2298 αὐτῶν
411 2228 577 2318 ἡγεμόνας
598 2237 726 2316 ἔχοντες
747 2228 894 2316 ῶρμέατο
916 2231 969 2296 ἐπὶ
987 2226 1026 2297 τό
1041 2227 1119 2313 ίρδν

112 2324 148 2395 τδ
162 2331 200 2394 έν
211 2335 386 2415 Δελφοῖσι,
403 2333 440 2397 ἐν
452 2334 541 2418 δεξιῇ
552 2323 1038 2414 τὸνΠαρνησσδναπέργοντες.
1055 2325 1118 2393 ὅσα

113 2428 148 2494 δὲ
163 2428 217 2493 καὶ
232 2418 327 2495 οὗτοι
343 2429 482 2514 ἐπέσχον
499 2436 556 2514 τῆς
567 2433 728 2514 Φωκίδος,
744 2426 855 2494 πάντα
870 2422 1118 2509 ἐσιναμώρεον·

112 2526 166 2592 καὶ
184 2520 248 2611 γάρ
263 2531 331 2592 τῶν
347 2528 534 2594 Πανοπέων
549 2522 612 2611 τήν
632 2523 732 2591 πόλιν
747 2526 934 2608 ἐνέπρησαν
948 2525 1004 2589 καὶ
1018 2531 1119 2588 Δαυ-

111 2631 193 2691 λίων
210 2625 265 2690 καὶ
281 2626 475 2691 Αἰολιδέων.
500 2623 701 2709 ἐπορεύοντο
718 2623 753 2690 δὲ
770 2619 874 2706 ταάτη
888 2615 1118 2703 ἀποσχισθέν-

112 2746 163 2799 τες
174 2726 232 2804 τῆς
243 2717 345 2804 ἀλλης
359 2728 513 2807 στρατιῆς
526 2725 632 2789 τῶνδε
647 2723 792 2806 εἵνεκεν,
810 2715 896 2796 ὅκως
910 2715 1118 2803 συλήσαντες

111 2817 147 2886 τδ
164 2814 240 2904 ίρδν
250 2814 287 2884 τδ
300 2820 337 2884 έν
348 2829 511 2905 Δελφοῖσι
522 2825 653 2908 βασιλέι
660 2825 763 2908 Ξέρξη
774 2816 970 2897 ἀποδέξαιεν
981 2813 1022 2882 τά
1034 2815 1118 2902 χρή-

110 2941 206 3001 ματα.
230 2913 339 2981 πάντα
351 2913 382 2982 δ’
394 2913 552 3003 ήπίστατο
563 2915 604 2986 τά
615 2921 653 2986 ἐν
666 2926 711 3008 τῷ
723 2923 783 3008 ἐρῶ
796 2914 859 2984 ὅσα
869 2914 973 3000 λόγον
984 2906 1028 2999 ἦν
1040 2913 1118 2993 ἀξια

111 3014 248 3097 Ξέρξης,
268 3008 312 3089 ῶς
326 3008 390 3097 έγῶ
406 3013 642 3100 πυνθάνομαι,
663 3014 802 3100 ἀμεινον
817 3008 838 3098 ἢ
853 3010 893 3081 τά
910 3016 947 3079 ἐν
964 3026 1049 3079 τοῖσι
1066 3019 1118 3081 οἰ-

111 3116 211 3178 κίοισι
223 3114 325 3193 ἔλιπε,
338 3116 471 3178 πολλῶν
482 3115 545 3180 αίεὶ
555 3113 734 3198 λεγόντων,
747 3113 801 3179 καὶ
809 3111 951 3197 μάλιστα
962 3107 1002 3176 τά
1012 3114 1117 3194 Κροί-

64 3225 97 3280 ³6
112 3229 175 3278 σου
192 3216 252 3276 τοῦ
266 3206 449 3277 Ἀλυάττεω
461 3208 669 3297 ἀναθήματα.
693 3216 736 3279 Οί
749 3214 786 3278 δὲ
795 3213 924 3295 Δελφοὶ
935 3209 1118 3277 πυνθανό-

113 3332 207 3389 μενοι
222 3313 325 3373 ταῦτα
340 3309 372 3386 ἐς
387 3314 499 3374 πᾶσαν
513 3305 683 3395 ἀρρωδίην
699 3306 858 3393 ἀπίκατο,
882 3308 920 3374 έν
935 3310 1064 3393 δείματι
1081 3306 1117 3374 δὲ

65 3403 243 3616 Ιάλμ
259 3411 475 3484 κατεστεῶτες
488 3404 708 3492 ἐμαντεύοντο
722 3408 797 3492 περὶ
808 3412 875 3474 τῶν
886 3409 971 3494 ἐρῶν
985 3403 1117 3494 χρημά-
