2378 3840
296 197 397 283 m.
430 198 500 254 νιν.
534 197 632 255 οΑν.
666 203 840 260 ιον-ιον.
1018 197 1082 262 269

73 350 118 432 ἀς
135 357 165 422 εί
178 353 320 423 λύσουσι
340 351 400 433 τὰς
421 358 566 441 σχεδίας,
587 353 679 422 τοῦτ’
701 352 745 424 ἀν
765 359 922 444 μέγιστον
943 358 1080 427 πάντων

73 465 168 538 σφείς
177 448 282 518 κακὸν
291 449 353 538 τήν
361 449 504 521 Ἐλλάδα
514 451 722 536 ἐργασαίατο.
736 461 767 523 εί
774 454 838 543 γὰρ
848 454 1078 545 ἀναγκασθείη

73 546 305 635 ἀπολαμφθεὶς
325 547 343 618 ὁ
357 552 490 636 Πέρσης
504 556 619 636 μένειν
636 555 673 620 ἐν
687 558 728 642 τῇ
745 552 910 645 Εὐρώπη,
935 561 1077 646 πειρῷτο

72 643 116 714 ἀν
129 643 271 737 ἡσυχίην
286 646 330 736 μή
349 647 461 737 ἀγειν,
484 647 528 727 ὡς
542 647 658 735 ἀγοντι
671 654 733 738 μέν
741 657 783 737 ,οί
796 650 938 740 ἡσυχίην
953 651 1030 721 οὐτε
1046 680 1077 721 τι

70 751 275 833 προχωρέειν
286 741 406 816 οἷόντε
416 754 583 816 έσταιτών
594 749 799 836 πρηγμάτων
810 749 888 819 οὐτε
896 779 945 830 τις
956 749 1076 838 κομιδή

69 843 108 913 τύ
124 842 230 913 ὀπίσω
242 846 443 934 φανήσεται,
457 854 543 937 λιμῷ
556 852 594 916 τέ
602 853 636 916 οί
644 844 664 933 ή
676 846 810 936 στρατιή
824 853 1076 937 ὐιαφθαρέεται,

71 950 285 1032 ἐπιχειρέοντι
301 949 337 1015 δὲ
357 945 447 1037 αὐτῷ
461 949 516 1015 καὶ
532 953 633 1033 ἔργον
649 949 793 1038 έχομένφ
807 948 917 1016 πάυτα
937 946 977 1016 τά
993 946 1076 1016 κατὰ

69 1044 132 1132 τήν
147 1046 318 1132 Εὐρώπην
332 1042 386 1114 old
400 1072 435 1114 τε
450 1051 540 1115 ἔσται
553 1051 788 1132 προσχωρήσει
810 1043 893 1114 κατὰ
915 1045 1012 1127 πόλις
1042 1072 1077 1112 τε

70 1151 126 1215 καὶ
136 1141 215 1213 κατ’
233 1151 347 1232 ἔθνεα,
364 1142 437 1231 ήτοι
448 1142 679 1231 ἁλισκομένων
693 1141 838 1233 γεήπρύ
854 1145 979 1227 τούτου
994 1143 1077 1233 ὁμο-

70 1245 268 1332 λογεόντων.
290 1245 421 1333 τροφήν
435 1271 471 1313 τε
486 1247 573 1325 έξειν
588 1246 692 1330 σφέας
706 1244 766 1314 τὸν
783 1250 915 1316 έπέτεου
930 1250 993 1316 αίεὶ
1007 1253 1075 1315 τών

65 1344 234 1432 Ἑλλήνων
248 1345 389 1429 καρπόν.
413 1339 497 1412 ἀλλά
514 1346 643 1411 ὐοκέειν
659 1341 723 1430 γάρ
737 1351 920 1430 νικηθέντα
935 1351 975 1432 τῇ
990 1370 1075 1411 ναυ-

69 1452 168 1534 μαχίη
183 1443 225 1513 οὐ
241 1449 373 1532 μενέειν
386 1444 424 1511 έν
440 1447 480 1530 τῇ
494 1437 643 1530 Εὐρώπη
656 1439 717 1510 τύν
727 1445 879 1529 Πέρσην,
898 1445 1011 1511 ἐατέον
1027 1433 1075 1510 ών

69 1541 154 1610 εἶναι
169 1540 327 1629 φεύγειν,
343 1543 376 1621 ές
390 1540 410 1609 ό
426 1546 511 1629 ἔλθη
527 1539 665 1626 φεύγων
683 1544 716 1620 ές
729 1539 791 1628 τήν
806 1545 943 1610 ἑωυτοῦ.
965 1539 1003 1610 τύ
1018 1545 1075 1612 έν-

68 1649 192 1708 θεῦτεν
214 1641 250 1707 δὲ
270 1643 346 1725 περὶ
367 1645 425 1725 τῆς
442 1641 573 1706 έκείνον
594 1643 769 1709 ποιέεσθαι
792 1638 856 1727 ήύη
876 1639 937 1710 τόν
959 1638 1074 1729 ἀγώνα

70 1741 208 1807 ἐκέλευε.
232 1734 354 1822 ταύτης
369 1736 406 1803 δέ
421 1743 547 1820 εἴχοντο
561 1742 620 1822 τής
632 1739 767 1824 γνώμης
788 1743 844 1808 καὶ
857 1747 1075 1828 Πελοποννη-

69 1843 152 1904 σίων
168 1841 237 1902 τώυ
252 1832 363 1903 ἀλλων
380 1839 415 1902 οί
427 1841 613 1921 στρατηγοί.
647 1834 706 1915 Ὡς
718 1839 754 1905 δὲ
766 1843 871 1923 ἔμαθε
882 1838 934 1907 ὅτι
950 1839 991 1908 οὐ
1002 1847 1076 1908 πεί·
1092 1852 1142 1907 109

69 1958 120 2005 σει
134 1936 214 2015 τούς
226 1960 265 2022 γε
279 1930 425 2013 πολλούς
434 1932 560 2002 πλώειν
572 1938 605 2012 ές
614 1932 674 2002 τόν
685 1932 931 2021 Ἑλλήσποντον
942 1935 960 2006 ὁ
973 1945 1075 2025 Θεμι-

69 2037 241 2120 στοκλέης,
259 2028 456 2120 μεταβαλών
469 2029 554 2115 πρὸς
569 2031 649 2112 τούς
662 2030 864 2120 Ἀθηναίους
886 2027 994 2103 ὀὐτοι
1008 2033 1073 2121 γάρ

68 2134 209 2220 μάλιστα
223 2131 480 2219 ἐκπεφευγότων
494 2137 742 2222 περιημέκτεον,
762 2131 912 2222 ὡρμίατό
921 2161 957 2204 τε
967 2137 1000 2215 ές
1013 2133 1074 2205 τύν

63 2231 307 2318 Ἑλλήσποντον
323 2230 449 2300 πλώειν
464 2232 520 2299 καί
535 2233 587 2299 ἐπὶ
604 2235 719 2318 σφέων
733 2228 846 2300 αὐτῶν
860 2231 1072 2319 βαλλόμενοι,

69 2337 98 2398 εί
113 2323 213 2398 ώλλοι
221 2325 274 2415 μή
292 2335 482 2417 βουλοίατο
506 2333 601 2415 ἔλεγέ
612 2349 673 2416 σφι
688 2330 784 2398 τάὐε·
813 2331 879 2398 Καὶ
895 2326 996 2408 αὐτύς
1009 2326 1073 2417 ήδη

69 2437 220 2497 πολλοῖσι
237 2429 487 2515 παρεγευόμην,
509 2430 564 2497 καὶ
579 2435 692 2517 πολλῷ
712 2431 801 2497 πλέω
816 2424 945 2514 ἀκήκοα
961 2428 1075 2496 τοιάὐε

67 2528 244 2611 γενέσθαι,
259 2521 384 2611 ἀνδρας
395 2529 428 2603 ές
442 2523 629 2613 ἀναγκαίην
644 2525 885 2612 ἀπειληθέντας
897 2530 1075 2613 νενικημέ-

68 2650 151 2703 νους
171 2620 404 2711 ἀναμάχεσθαί
420 2650 454 2692 τε
475 2626 531 2693 καὶ
553 2621 805 2711 ἀναλαμβάνειν
823 2620 886 2711 τήν
907 2624 1070 2711 προτέρην

68 2722 242 2808 κακότητα.
265 2718 359 2809 ἡμεῖς
370 2724 407 2790 δὲ
418 2721 561 2810 ἐὕρημα
573 2719 637 2809 γάρ
650 2720 840 2810 εὑρήκαμεν
850 2718 954 2810 ήμέας
962 2750 998 2792 τε
1009 2722 1072 2790 αὐ-

66 2818 145 2898 τούς
160 2822 215 2887 καὶ
234 2817 296 2908 τήν
311 2818 468 2908 Ἑλλάὐα,
489 2824 592 2908 νέφος
609 2829 749 2890 τοσούτσ
770 2818 966 2910 ἀνθρώπων
981 2820 1072 2891 ἀνω-

67 2922 219 3005 σάμενοι·
234 2917 278 3007 μή
291 2919 465 3007 διώκωμεν
476 2919 602 3008 ἀνδρας
617 2919 813 3008 φεύγοντας.
837 2919 917 2990 τάὐε
931 2917 996 3008 γάρ
1008 2919 1071 2988 οὐκ

66 3016 158 3104 ἡμεῖς
174 3019 469 3106 κατεργασώμεθα,
484 3016 568 3088 ἀλλά
580 3025 661 3088 θεοί
666 3045 703 3088 τε
718 3024 773 3089 καὶ
786 3016 904 3108 ήρωες,
920 3026 956 3087 οἳ
963 3018 1053 3107 έφθό
1058 3061 1072 3070 -

66 3137 174 3202 νησαν
194 3113 301 3202 ἀνδρα
317 3121 377 3185 ἕνα
393 3124 451 3205 τῆς
470 3145 506 3186 τε
523 3115 631 3205 Ἀσίης
648 3122 702 3187 καὶ
717 3126 775 3206 τής
791 3115 959 3207 Εὐρώπης
974 3128 1073 3206 βασι-

66 3211 752 3303 λεύσαιέόνταάνόσιόντεκαὶάτάσθαλον,
763 3212 889 3296 ὐςτάτε
900 3213 1020 3302 ίράκαὶ
1031 3222 1069 3284 τά

67 3316 135 3379 ίύιοι
148 3313 183 3379 έυ
200 3311 302 3402 ὐμοίφ
315 3314 459 3382 έποιέετο
476 3312 643 3400 έμπιπράς
656 3316 759 3382 τεκαὶ
773 3312 991 3400 καταβάλλων
1002 3321 1071 3382 τών

68 3418 158 3478 θεῶν
173 3407 213 3478 τύ
231 3406 419 3498 ἀγάλματα,
437 3407 473 3490 ὐς
484 3413 539 3479 καί
554 3407 616 3498 τήν
629 3409 806 3480 θώλασσαν
821 3409 1075 3497 ἀπεμαστίγωσε
