2378 3840
338 165 425 227 ΗΒ.
456 168 503 225 vL
536 167 634 226 cn.
666 175 808 231 35-40-
1035 169 1077 235 75

68 327 292 416 Λαμψακηνοὶ
301 332 451 415 Κροίσου
461 323 622 407 λύσαντες
633 333 779 415 μετήκαυ
790 331 992 418 Μιλτιάδην.
1005 326 1077 402 Οό-
1090 344 1126 400 ³8

67 450 126 506 τος
135 425 199 514 μέν
209 423 251 515 δή
263 423 319 496 διά
330 433 480 512 Κροίσου
494 424 662 514 ἐκφεύγει,
677 424 758 516 μετά
770 427 806 497 δέ
817 437 953 520 τελευτᾷ
965 429 1074 518 ἄπαις,

68 523 132 616 τήν
145 523 253 615 άρχήν
268 552 305 595 τε
320 528 377 596 καὶ
392 521 433 593 τά
451 523 602 612 χρήματα
620 521 793 611 παραδούς
812 527 1012 618 Στησαγόρῃ
1029 536 1074 619 τῷ

67 629 226 712 Κίμωνος
248 621 417 712 ἀδελφεοῦ
437 626 532 692 παιδλ
547 620 762 711 ὁμομητρίου.
795 633 855 696 καί
868 632 904 696 οί
920 628 1075 716 τελευτή·

66 742 166 792 σαντι
178 730 420 810 Χερσονησῖται
433 720 577 809 θύουσι,
593 717 637 800 ὡς
647 721 750 809 νόμος
760 728 904 815 οἰκιστῇ,
919 729 975 796 καὶ
985 723 1075 813 άγολ·

66 848 114 891 να
127 821 269 891 ἱππικόν
282 847 319 890 τε
332 821 388 889 καλ
400 816 568 906 γυμνικόν
581 823 749 906 ἐπιστᾶσι,
772 823 810 890 έν
827 829 874 913 τῷ
887 831 1075 912 Λαμψακη-

66 927 142 991 νῶν
157 916 273 989 ούδενλ
295 921 460 1006 ἐγγίνεται
480 915 710 1005 ἀγωνίζεσθαι.
743 923 891 1008 πολέμου
908 925 944 991 δέ
960 922 1074 1000 ἐόντος

66 1017 156 1108 πρὸς
165 1015 413 1107 Λαμψακηνοὺς
423 1017 705 1105 καλΣτησαγόρην
716 1019 876 1106 κατέλαβε
886 1016 1074 1088 ἀποθανεῖν

66 1118 211 1202 ἄπαιδα,
225 1123 392 1204 πληγέντα
402 1112 464 1204 τήν
475 1112 626 1202 κεφαλήν
636 1116 767 1184 πελέκεϊ
776 1118 814 1185 έν
823 1122 869 1209 τῷ
880 1123 1073 1208 πρυτανηίη)

66 1213 154 1302 πρὸς
167 1211 291 1302 ἀνδρὸς
311 1211 503 1301 αὐτομόλου
516 1214 579 1301 μέν
597 1220 645 1305 τῷ
661 1213 768 1306 λόγφ,
790 1221 949 1303 πολεμίου
965 1216 1001 1284 δέ
1018 1217 1074 1284 καὶ

66 1316 346 1406 ὑποθερμοτέρου
355 1323 402 1409 τῷ
413 1322 508 1407 έργφ.
544 1315 809 1403 Τελευτήσαντος
822 1315 859 1384 δέ
873 1317 927 1383 καὶ
937 1323 1072 1402 Στησα-
1086 1321 1121 1377 39

65 1416 178 1506 γόρεω
192 1415 307 1507 τρόπῳ
325 1418 444 1506 τοιῷδε
460 1417 609 1484 ένθαύτα
624 1413 817 1501 Μιλτιάδην
829 1410 889 1483 τόν
905 1420 1071 1500 Κίμωνος,

68 1514 293 1603 Στησαγόρεω
308 1513 345 1583 δέ
358 1520 419 1582 τοῦ
433 1513 691 1601 τελευτήσαντος
704 1509 886 1600 άδελφεόν,
903 1522 1073 1599 καταλαμ

65 1612 220 1700 φόμενον
246 1609 287 1681 τά
314 1613 490 1700 πρήγματα
515 1614 567 1681 ἐπὶ
590 1611 808 1700 Χερσονήσου
834 1608 1074 1681 ἀποστέλλουσι

66 1710 198 1798 τριήρει
207 1714 241 1779 ολ
249 1714 528 1799 Πεισιστρατίδαι,
540 1713 576 1778 οἵ
583 1736 643 1797 μιν
653 1714 708 1780 καί
719 1713 756 1780 έν
766 1709 927 1801 Ἀθήνησι
938 1712 1073 1785 ἐποίευν

68 1799 126 1896 εύ,
145 1806 190 1889 ὡς
206 1807 248 1878 ού
262 1811 452 1891 συνειδότες
466 1815 573 1897 δήθεν
586 1817 647 1878 τού
662 1804 1073 1897 πατρὸς[Κίμωνος]αύτοῦ

66 1907 129 1978 τόν
139 1910 303 1997 θάνατον,
313 1908 375 1980 τόν
386 1907 450 1996 ἐγώ
461 1911 498 1977 ἐν
508 1906 598 2000 άλλφ
609 1908 698 1999 λόγῳ
710 1910 863 1994 σημανέω
876 1906 919 1988 ύς
930 1910 1070 1994 ἐγένετο.

72 2005 258 2095 Μιλτιάδης
274 2008 311 2077 δέ
326 2005 528 2095 άπικόμενος
548 2009 582 2085 ές
601 2004 663 2092 τήν
677 2006 895 2094 Χερσόνησον
914 2004 978 2093 εἶχε
997 2003 1070 2075 κατ’

67 2117 194 2194 οἴκους,
210 2103 272 2175 τόν
285 2103 452 2192 άδελφεδν
461 2102 684 2194 Στησαγόρην
695 2102 820 2193 δηλαδή
833 2109 1018 2193 ἐπιτιμέων.
1042 2110 1076 2175 οί

67 2208 352 2297 δέΧερσονησίται
363 2209 619 2298 πυνθανόμενοι
631 2215 735 2278 ταῦτα
746 2213 997 2297 συνελήηθησαν
1007 2209 1073 2281 άπδ

66 2311 203 2375 πασέων
215 2312 284 2374 τῶν
297 2313 426 2376 πολίων
439 2311 473 2375 οί
488 2307 749 2385 δυναστεύοντες
761 2306 951 2396 πάντοθεν,
969 2315 1073 2399 κοινῷ

67 2406 105 2472 δέ
127 2403 234 2494 στόλφ
255 2400 453 2490 άπικόμενοι
477 2402 521 2484 ὡς
545 2405 885 2493 συλλυπηθησόμενοι
908 2408 1074 2494 ἐδέθησαν

66 2497 128 2569 ὑπ’
144 2496 258 2568 αὐτοῦ.
287 2500 476 2588 Μιλτιάδης
489 2527 525 2571 τε
536 2499 577 2589 δή
589 2512 672 2588 ίσχει
686 2499 749 2589 τήν
759 2499 977 2589 Χερσόνησον
990 2528 1073 2571 πεν-

66 2604 243 2676 τακοσίους
262 2598 397 2684 βόσκων
418 2599 634 2686 ἐπικούρους,
656 2603 710 2667 καὶ
727 2603 841 2687 γαμέει
858 2597 997 2688 Ὀλόρου
1012 2608 1072 2669 τοῦ

67 2702 225 2784 Θρηίκων
243 2701 397 2786 βασιλέος
410 2698 582 2783 θυγατέρα
593 2694 831 2784 Ἡγησιπύλην.
879 2690 987 2779 Οὗτος
1003 2703 1039 2768 δέ
1053 2695 1071 2767 ὁ
1088 2699 1123 2753 4⁰

66 2799 223 2879 Κίμωνος
233 2796 422 2883 Μιλτιάδης
432 2799 552 2865 νεωστὶ
564 2796 626 2883 μέν
643 2795 805 2882 ἐληλύθεε
821 2799 854 2877 ές
867 2795 929 2884 τήν
941 2797 1072 2883 Χερσό-

66 2912 189 2978 νησον,
206 2895 435 2984 κατελάμβανε
450 2899 490 2965 δέ
502 2923 561 2982 μιν
574 2896 718 2965 ἐλθόντα
734 2893 818 2966 άλλα
831 2903 900 2965 τῶν
913 2897 1072 2984 κατεχόν-

66 3014 135 3058 των
148 2989 352 3078 πρηγμάτων
362 2993 582 3082 χαλεπάτερα.
601 3000 701 3083 τρίτφ
712 2992 774 3079 μέν
787 2990 852 3081 γάρ
864 2999 931 3062 έτει
940 2995 1074 3063 τούτων

65 3090 210 3170 Σκύθας
220 3090 392 3179 ἐκφεύγει·
414 3093 552 3163 Σκύθαι
562 3091 629 3181 γάρ
641 3097 675 3163 ol
683 3094 827 3181 νομάδες
838 3096 1071 3180 ἐρεθισθέντες

65 3185 134 3257 ὑπό
149 3192 302 3276 βασιλέος
312 3198 462 3279 Δαρείου
473 3193 755 3280 συνεστράφησαν
769 3193 824 3260 καὶ
833 3189 963 3279 ήλασαν
975 3193 1070 3279 μέχρι

64 3284 346 3374 τήςΧερσονήσου
357 3287 487 3375 ταύτης.
499 3289 640 3368 τούτους
651 3289 805 3368 ἐπιόντας
815 3285 878 3358 οὐκ
888 3285 1071 3377 ὑπομείνας

66 3378 285 3468 όΜιλτιάδης
297 3389 419 3472 ἔφευγε
430 3384 495 3455 άπὸ
507 3387 743 3474 Χερσονήσου,
759 3387 792 3465 ές
805 3382 826 3452 ό
840 3389 875 3455 ολ
886 3412 921 3455 τε
931 3385 1071 3460 Σκύθαι
