2378 3840
136 176 202 239 20⁰
516 181 767 240 HERODOTI
840 232 843 236 ,

136 343 269 427 Πιερίχ,
287 340 504 417 διαλυθέντες
514 340 550 406 ἐκ
561 347 622 406 τοῦ
632 336 769 424 Ἰσθμοῦ
779 341 1017 429 ἐστρατεύοντο
1032 339 1148 413 αὐτῶν

136 440 173 503 οί
185 438 247 523 μὲν
258 437 291 514 ές
303 437 523 523 Θερμοπύλας
534 442 631 526 πεζῇ,
647 436 742 507 άλλοι
755 441 791 506 δὲ
803 436 887 507 κατά
902 438 1081 511 θάλασσαν
1092 441 1149 510 ἐπ’

134 532 351 620 Ἀρτεμίσιον.

67 646 120 701 178
221 637 265 700 Oi
273 635 335 719 μὲν
347 630 552 720 δηἝλληνες
563 633 646 701 κατά
658 634 756 720 τάχος
774 631 925 716 ἐβύθεον
943 637 1146 721 διαταχθέν-

136 757 207 818 τες,
225 733 356 817 Δελφοὶ
375 729 408 799 δ’
424 731 584 823 ἐντούτῳ
599 739 645 822 τῷ
659 732 771 823 χρόνῳ
786 731 1083 819 ἐχρηστηριάζοντο
1098 741 1146 824 τῷ

134 835 208 919 θεῷ
224 826 309 915 ὑπὲρ
322 831 457 898 ἑωυτῶν
468 832 523 898 καὶ
537 837 594 917 τῆς
603 829 760 911 Ἑλλάδος
770 830 1076 918 καταρρωδηκότες,
1088 837 1149 899 καί

134 945 198 1011 σφι
214 927 361 1015 ἐχρήσθη
376 925 528 1014 ἀνέμοισι
545 926 719 1014 εὔχεσθαι·
741 929 907 1016 μεγάλους
922 925 988 1016 γάρ
1001 928 1147 1008 τούτους

135 1030 274 1093 ἔσεσθαι
290 1033 330 1114 τῇ
340 1025 473 1096 Ἑλλάδι
487 1027 689 1115 συμμάχους.
712 1031 842 1116 Δελφοὶ
858 1029 895 1097 δέ
915 1028 1091 1116 δεξάμενοι
1105 1025 1142 1095 τδ

138 1123 301 1210 μαντήιον
314 1131 429 1210 πρῶτα
444 1125 507 1211 μὲν
521 1121 690 1211 Ἑλλήνων
703 1139 789 1194 τολσι
808 1127 1043 1213 βουλομένοισι
1059 1122 1147 1192 εἶναι

136 1222 347 1307 ἐλευθέροισι
361 1220 554 1307 ἐξήγγειλαν
573 1218 614 1288 τά
631 1223 820 1308 χρησθέντα
842 1218 988 1310 αύτοίσι,
1010 1228 1070 1290 καί
1082 1240 1146 1308 σφι

135 1323 256 1396 δεινῶς
269 1321 539 1405 καταρρωδέουσι
553 1316 614 1387 τδν
630 1321 805 1436 βάρβαρον
819 1322 1066 1408 ἐξαγγείλαντες
1081 1320 1146 1408 χά-

134 1443 191 1502 ριν
206 1413 382 1485 άθάνατον
396 1418 594 1484 κατέθεντο·
615 1441 696 1502 μετα
684 1415 746 1484 δδ
755 1423 864 1483 ταῦτα
859 1419 1047 1534 οίΔελφολ
1056 1430 1145 1484 τοῖσι

134 1514 286 1602 ἀνέμοισι
301 1514 418 1602 βωμόν
432 1537 469 1580 τε
483 1512 602 1592 άπέδεξ
586 1517 647 1592 ξαν
662 1515 699 1579 ἐν
709 1520 776 1581 Θυί
775 1539 813 1600 η,
836 1517 942 1600 τῇπερ
960 1538 1019 1600 της
1028 1520 1145 1600 Κηφι

132 1634 198 1682 σου
183 1609 384 1699 θυγατρός
395 1617 500 1698 Θυίης
513 1637 550 1678 το
539 1609 699 1698 τέμενός
715 1613 801 1697 ἐστι,
818 1604 904 1678 ἐπ’
881 1637 922 1697 ης
932 1609 1017 1680 ταδ’
1002 1638 1021 1681 ο
1035 1618 1144 1732 χῶρος

132 1704 233 1789 ούτος
245 1736 307 1795 την
323 1712 518 1797 ἐπωνυμίην
532 1714 614 1795 ἔχει,
629 1711 684 1777 καὶ
698 1715 841 1824 θυσίῃσί
852 1727 957 1794 σφεας
970 1710 1141 1799 μετήισαν.

132 1810 263 1895 Δελφοὶ
285 1811 347 1895 μέν
368 1833 434 1875 νυν
455 1804 539 1875 κατά
561 1804 599 1874 τδ
619 1806 821 1894 χρηστήριον
838 1811 885 1875 ἔτι
905 1811 961 1875 καλ
980 1814 1049 1874 νῦν
1063 1806 1142 1887 τούς

133 1904 278 1992 άνέμους
295 1905 499 1974 ἱλάσκονται

64 2024 116 2082 179
211 1999 1142 2090 ΟΔΕναυτικδςΞέρξεωστρατδςὁρμεόμενοςέκΘέρ-

132 2132 197 2193 μης
210 2105 327 2182 πόλιος
340 2104 508 2190 παρέβαλε
521 2104 622 2189 νηυσὶ
637 2109 711 2190 τῇσι
726 2100 844 2189 άριστα
854 2101 1050 2192 πλωούσησι
1061 2103 1143 2171 δέκα

132 2200 196 2272 ίθύ
201 2200 372 2288 Σκιάθου,
381 2191 500 2269 ἔνθα
477 2219 564 2286 ησαν
575 2200 877 2286 προφυλάσσουσαι
888 2202 961 2279 νέες
969 2212 1059 2287 τρεῖς
1066 2197 1142 2268 Ελ-

132 2304 275 2387 ληνίδες,
291 2303 466 2386 Τροιζηνίη
477 2321 512 2365 τε
523 2300 635 2366 καλί
588 2307 621 2365 A
621 2304 747 2386 ίγιναίη
758 2296 832 2368 ταδ’
827 2298 962 2387 Αττική.
977 2297 1142 2386 προϊδόν-

131 2425 185 2478 τες
200 2390 346 2467 δεούτοι
361 2394 420 2476 τὰς
431 2400 508 2476 νέας
521 2422 592 2484 των,
599 2398 783 2485 βαρβαρων
794 2400 827 2477 ἐς
838 2422 953 2484 φνγην
966 2394 1139 2483 ὥρμησαν.

61 2515 114 2571 180
131 2496 203 2588 Τὴν
216 2498 279 2585 μέν
294 2495 334 2585 δη
354 2503 569 2585 Τροιζηνίην,
583 2503 642 2584 τῆς
654 2490 736 2584 ἦρχε
747 2501 931 2583 Πρηξῖνος,
949 2492 1069 2564 αὐτίκα
1085 2499 1141 2562 αλ-

102 2653 113 2676 .
130 2602 245 2687 ρέουσι
259 2595 476 2684 ἐπισπόμενοι
491 2600 526 2663 οί
537 2595 712 2684 βάρβαροι.
731 2597 787 2663 καὶ
797 2600 927 2663 ἔπειτεν
937 2599 1007 2663 τόν
1021 2595 1143 2680 ἐπιβα-

128 2698 214 2766 τέων
230 2693 332 2781 αύτῆς
346 2691 407 2762 τδν
422 2694 681 2764 καλλιστεύοντα
696 2692 878 2781 άγαγόντες
892 2695 945 2762 ἐπὶ
964 2689 1028 2780 τὴν
1041 2692 1140 2782 προό-

130 2826 194 2919 ρην
208 2803 266 2884 τῆς
285 2793 362 2874 νεδς
377 2799 542 2882 ἔσφαξαν,
562 2798 729 2876 διαδέξιον
749 2795 945 2881 ποιεύμενοι
963 2788 1025 2860 τόν
1048 2787 1142 2860 εἷλον

101 2904 197 2967 ’των
205 2892 376 2983 Ελλήνων
387 2893 779 2982 πρῶτονκαλκάλλιστον
791 2919 840 2984 τφ,
824 2893 886 2962 δε
893 2893 1142 2979 σφαγιασθέντι

127 2997 236 3088 τούτῳ
251 2993 381 3082 ούνομα
398 2987 441 3082 ἦν
454 2997 567 3062 Λέων·
590 2993 673 3080 τάχα
688 2991 761 3061 δ”’
738 3018 782 3060 αν
796 3015 829 3060 τι
842 2993 898 3060 καὶ
911 2995 973 3058 τοῦ
987 2985 1142 3075 ούνόμα-

60 3112 111 3168 181
126 3123 183 3175 τος
197 3092 387 3181 ἐπαύροιτο.
414 3120 436 3181 η
423 3090 489 3161 δ
502 3097 677 3180 Αἰγιναίη,
697 3117 756 3179 της
771 3087 982 3177 ἐτριηράρχεε
998 3081 1142 3154 Ἀσωνί-

128 3199 199 3280 δης,
211 3200 270 3262 καί
276 3191 354 3261 τινά
365 3210 426 3277 σφι
437 3190 594 3278 θόρυβον
605 3193 747 3277 παρέσχε
758 3189 885 3257 Πυθέω
899 3210 960 3253 του
945 3180 1141 3270 Ἰσχενόου

126 3292 400 3382 ἐπιβατεύοντος,
423 3289 548 3379 άνδρδς
564 3289 703 3411 άρίστου
724 3290 911 3378 γενομένου
930 3283 1059 3406 ταύτην
1075 3283 1136 3372 τὴν

119 3385 315 3479 ημέρην,“
294 3413 333 3469 ος
372 3387 521 3479 ἐπειδηὴ
542 3396 626 3478 νηῦς
645 3388 818 3480 ηλίσκετο,
842 3389 876 3466 ἐς
889 3389 989 3454 τοῦτο
1006 3381 1140 3470 άντελχε
