2378 3840
143 148 206 216 180
521 153 775 216 HERODOTI

141 315 313 396 μείναντες
335 308 514 398 ἀνέσχοντο
528 310 589 380 τόν
611 312 748 380 ἐπιόντα
769 315 822 382 ἐπί
844 314 907 403 τήν
920 317 1034 405 χώρην
1053 320 1152 400 δέξα-

141 416 232 475 σθαι,

76 516 127 568 140
224 509 421 594 Πέμψαντες
440 506 505 596 γάρ
528 513 561 577 οί
576 505 749 595 Ἀθηναῖοι
771 511 805 588 ές
820 509 978 596 Δελφοὺς
998 515 1133 600 θεοπρό

141 630 226 685 πονς
245 605 545 695 χρηστηριάζεσθαι
560 601 649 696 ήσαν
671 610 803 695 ἑτοῖμοι.
837 614 897 677 καί
914 629 975 696 σφι
991 611 1151 699 ποιήσασι

22 735 23 739 ’
140 702 267 789 περὶτὰ
284 703 360 793 ίρόν
375 704 416 774 τά
430 706 647 794 νομιζόμενα,
668 704 713 786 ὡς
727 709 760 785 ές
774 705 811 774 τό
826 710 974 796 μέγαρον
988 709 1152 778 ἐσελθόν-

139 830 192 882 τες
203 807 323 892 ἵζοντο,
332 813 395 896 χρᾷ
405 803 426 894 ή
437 813 565 894 Πυθίη,
579 813 620 896 τή
631 804 760 893 οὔνομα
769 799 814 894 ήν
824 804 1040 896 Ἀριστονίκη,
1052 810 1149 878 τάδε·

184 897 223 970 Ὠ
240 907 368 991 μέλεοι,
384 911 418 972 τί
430 906 603 992 κάθησθε;
617 901 726 973 λιπάν
741 901 841 990 φεῦγ’
859 909 978 993 ἔσχατα
991 912 1089 993 γαίης

181 1002 331 1087 Διόματα
345 1005 400 1072 καὶ
414 1003 530 1083 πόλιος
546 1004 752 1092 τροχοειδέος
765 1001 852 1091 ἀκρα
865 1003 1005 1091 κάρηνα.

184 1099 272 1171 Οὔτε
286 1099 351 1188 χάρ
366 1099 386 1190 ή
402 1101 531 1189 κεφαλή
547 1104 639 1189 μένει
656 1105 801 1188 ἔμπεδον
817 1099 895 1170 οὔτε
908 1099 946 1170 τό
964 1107 1058 1188 σῶμα

184 1201 272 1271 Οὔτε
287 1203 388 1282 πόδες
401 1206 512 1272 νέατοι
527 1200 599 1271 οὔτ’
618 1197 667 1270 ἀν
682 1205 789 1291 χέρες,
805 1200 883 1270 οὔτε
896 1227 928 1270 τι
941 1204 1063 1288 μέσσης

181 1307 354 1389 Λείπεται,
372 1299 446 1372 ἀλλ’
463 1299 583 1388 ἀίδηλα
596 1303 696 1370 πέλει.
720 1297 804 1368 κατά
817 1300 883 1387 γάρ
898 1324 957 1386 μιν
972 1302 1096 1385 ἐρείπει

179 1406 256 1487 Πῦρ
270 1425 306 1468 τε
320 1403 375 1468 καὶ
389 1397 468 1480 όξδς
479 1398 598 1489 Ἄρης,
612 1397 798 1486 Ἀσιηχενές
815 1395 905 1485 ἀρμα
920 1398 1062 1465 διώκων.

179 1494 295 1564 Πολλά
307 1497 343 1564 δὲ
354 1489 452 1566 τεάλλ’
466 1495 586 1566 ἀπολεῖ
591 1497 809 1583 πνργιόματα,
821 1492 885 1562 κοό
895 1491 932 1562 τό
945 1492 1007 1562 σόν
1018 1493 1108 1563 οἷον·

179 1593 334 1675 Πολλοδς
348 1594 381 1663 δ’
398 1595 582 1667 ἀθανάτων
595 1595 701 1685 νηοός
717 1602 849 1687 μαλερῷ
863 1599 945 1683 πυρί
960 1594 1070 1685 διέσει,

181 1699 227 1764 Οί
239 1722 306 1764 πον
322 1703 388 1765 νῦν
403 1701 518 1784 ίδρότι
538 1691 711 1782 ῥεεόμενοι
727 1695 894 1783 ἑστήκασι,

178 1804 320 1884 Δείματι
336 1798 558 1886 παλλόμενοι,
574 1795 658 1865 κατά
670 1794 702 1864 δ’
716 1794 911 1884 ἀκροτάτοις
926 1793 1084 1883 ὀρόφοισι

178 1891 270 1981 Αἷμα
288 1896 392 1982 μέλαν
408 1899 558 1981 κέχυται,
576 1892 718 1977 προϊδὸν
733 1891 914 1979 κακότητος
929 1888 1087 1978 ἀνάγκας.

174 1989 262 2060 Ἀλλ’
280 2001 352 2059 ίτον
368 1995 400 2072 ἐξ
415 1990 569 2079 ἀδύτοιο,
584 2005 700 2069 κακοῖς
713 1989 745 2058 δ’
766 1995 954 2060 ἐπικίδνατε
969 1991 1096 2077 θυμόν.

70 2107 118 2161 141
140 2095 251 2158 Ταῦτα
261 2085 465 2168 ἀκούσαντες
476 2094 582 2158 οίτάν
589 2086 780 2176 Ἀθηναίων
788 2090 977 2178 θεοπρόποι
987 2097 1146 2178 συμφορή

135 2197 175 2280 νή
192 2194 329 2278 μεγίστη
345 2192 506 2277 ἐχρέοντο.
529 2189 760 2276 προβάλλουσι
776 2191 812 2258 δδ
823 2192 927 2275 σφέας
939 2185 1063 2266 αάτοός
1077 2186 1143 2255 ὑπὸ

134 2294 196 2356 τοῦ
207 2292 314 2353 κακοῦ
329 2293 390 2354 τοῦ
403 2291 632 2374 κεχρησμένον
648 2295 761 2373 Τίμων
772 2284 790 2355 ὁ
803 2285 1062 2375 Ἀνδροβούλου,
1076 2291 1145 2352 τῶν

134 2391 283 2469 Δελφῶν
298 2381 384 2470 ἀνήρ
401 2384 538 2471 δόκιμος
558 2381 658 2471 ὁμοία
677 2393 724 2473 τῷ
738 2385 896 2472 μάλιστα,
919 2382 1146 2470 συνεβούλευέ

135 2502 197 2570 σφι
218 2487 383 2569 ἱκετηρίας
396 2490 539 2571 λαβοῦσι
555 2483 695 2566 δεότερα
711 2476 805 2561 αὖτις
821 2481 983 2560 ἐλθόντας
996 2488 1145 2568 χρᾶσθαι

134 2587 180 2669 τῷ
200 2585 386 2670 χρηστηρίῳ
409 2578 453 2659 ὡς
474 2583 592 2658 ἱκέτας.
621 2582 854 2665 πειθομένοισι
876 2581 1036 2646 δὲταῦτα
1059 2592 1144 2646 τοῖσι

131 2676 339 2763 Ἀθηναίοισι
354 2679 411 2746 καὶ
424 2681 575 2764 λέγουσι·
592 2672 711 2764 Ὦναξ,
726 2683 852 2764 χρῆσον
865 2674 945 2765 ἡμῖν
959 2677 1100 2765 ἀμεινόν
1111 2706 1142 2747 τι

134 2777 210 2863 περὶ
221 2780 278 2862 τής
289 2782 464 2864 πατρίδος,
479 2779 645 2856 αἰδεσθεὶς
655 2774 714 2855 τάς
724 2781 890 2863 ἱκετηρίας
899 2776 1011 2864 τάσδε,
1023 2780 1083 2860 τάς
1092 2804 1142 2847 τοι

134 2874 263 2962 ήκομεν
280 2877 455 2960 φέροντες·
477 2870 500 2962 ή
515 2873 557 2943 οὕ
571 2900 623 2943 τοι
637 2873 761 2962 ἀπιμεν
778 2876 814 2942 ἐκ
831 2880 892 2943 τοῦ
906 2871 1051 2965 ἀδάτον,
1068 2873 1141 2946 ἀλλ’

135 2971 241 3042 αὐτοῦ
257 2976 336 3061 τήδε
351 2976 529 3060 μενέομεν,
546 2969 614 3041 ἔστ’
631 2968 675 3039 ἀν
685 2971 1016 3059 καίτελεντήσωμεν·
1038 2980 1144 3042 ταῦτα

135 3072 172 3139 δὲ
186 3074 322 3156 λέγουσι
336 3065 357 3157 ή
372 3068 556 3157 πρόμαντις
569 3076 633 3158 χρᾷ
648 3068 788 3155 δεύτερα
803 3067 899 3136 τάδε·

108 3168 111 3180 '
179 3165 231 3235 Οά
246 3166 387 3234 δόναται
402 3163 538 3244 Παλλάς
551 3163 609 3234 Δί’
623 3163 804 3253 Ὀλύμπιον
818 3165 1047 3252 ἐξιλάσασθαι,

177 3266 366 3350 Λισσομένη
381 3272 533 3332 πολλοίσι
546 3262 658 3350 λόχοις
672 3266 727 3331 καί
739 3261 853 3350 μήτιδι
866 3269 987 3352 πυκνή.

177 3364 241 3430 Σοί
258 3362 294 3428 δὲ
306 3357 377 3428 τόδ’
397 3352 491 3439 αάτις
507 3363 583 3439 έπος
597 3363 695 3449 έρέοι,
719 3356 884 3446 ἀδάμαντι
902 3360 1085 3441 πελάσσας·
