2378 3840
326 193 493 252 LIB.1X·
528 193 628 254 cAP.
660 202 803 258 αλδ-θλ.
1007 195 1072 262 ³31

63 350 202 437 ἄγγελοι
212 347 277 420 ἀπὸ
288 353 410 439 Σάμον
419 350 572 438 Λάμπων
584 377 621 419 τε
632 359 845 439 Θρασυκλέος
857 354 1072 444 κάλἈθηνα-

64 451 167 536 γόρης
183 445 456 537 Ἀρχεστρατίδεω
475 450 531 516 καὶ
544 445 802 537 Ἡγησίστρατος
817 450 1069 541 Ἀρισταγόρεω,

63 549 275 633 πεμφθέντες
284 542 351 614 ὑπό
362 553 504 633 Σαμίων
517 546 631 635 λάθρη
641 554 707 616 τῶν
721 575 756 617 τε
765 552 925 636 Περσέων
939 552 1069 619 καὶτοῦ

63 641 236 730 τυράννου
250 644 482 732 Θεομήστορος
495 652 557 712 τοῦ
569 640 873 733 Ἀνδροδάμαντος,
895 645 956 716 τὸν
970 650 1069 716 κατέ·

63 763 189 831 στησαν
208 743 331 831 Σάμον
353 744 525 831 τύραννον
550 747 586 812 οί
607 747 743 829 Πέρσαι.
787 747 1001 815 ἐπελθόντων
1032 751 1072 815 δέ

62 866 178 928 σφεων
193 845 246 912 έπλ
265 840 344 923 τοῦς
358 840 564 932 στρατηγούς
578 849 671 929 ἔλεγε
684 840 941 931 Ἡγησίστρατος
960 845 1067 916 πολλὰ

62 945 118 1009 καλ
138 953 296 1028 παντοία,
322 937 367 1020 όις
380 936 424 1028 ἢν
441 948 572 1028 μοῦνον
592 944 730 1008 ίδανται
751 938 875 1020 αύτούς
895 946 930 1010 οί
941 941 1066 1029 Ἴωνες,

62 1040 307 1129 ἀποστήσονται
317 1035 382 1107 ἀπό
389 1041 559 1125 Περσέων,
569 1034 677 1116 καλάς
688 1043 722 1109 οἱ
729 1038 896 1125 βάρβαροι
907 1036 969 1107 οῦκ
980 1037 1068 1107 ὑπο-

62 1143 235 1227 μενέουσι·
256 1135 301 1227 ἢν
315 1142 352 1208 δὲ
364 1140 420 1208 καὶ
434 1136 500 1224 ἀρα
511 1133 735 1222 ὑπομείνωσι,
750 1133 813 1203 οῦκ
829 1135 944 1222 ἑτέρην
959 1136 1067 1223 ἄγρην

61 1240 220 1326 τοιαύτην
232 1234 344 1326 εῦρείν
355 1233 399 1306 άν
409 1234 543 1315 αύτούς.
558 1236 663 1314 θεούς
673 1261 709 1304 τε
720 1234 857 1315 κοινούς
870 1234 1066 1305 ἀνακαλέων

61 1338 249 1425 προέτραπε
262 1333 386 1415 αὐτούς
399 1335 568 1425 ῥύσασθαι
582 1330 877 1420 ἀνδραςἝλληνας
892 1337 928 1402 ἐκ
943 1339 1067 1403 δουλο-

61 1437 167 1521 σύνης
184 1430 241 1504 καὶ
254 1432 427 1522 ἀπαμῦναι
441 1431 503 1501 τόν
522 1433 706 1521 βάρβαρον.
737 1428 871 1510 εὐπετές
885 1457 921 1499 τε
935 1428 1065 1499 αύτοίσι

62 1540 241 1620 ἔφηταῦτα
253 1540 425 1620 γίνεσθαι·
446 1532 507 1610 τάς
516 1557 553 1598 τε
565 1528 629 1616 γάρ
640 1534 718 1607 νέας
729 1525 842 1597 αύτῦν
852 1536 962 1608 κακῶς
972 1529 1066 1597 πλά-

62 1656 113 1697 ειν
126 1631 182 1697 καὶ
200 1627 264 1699 οῦκ
283 1627 483 1717 ἀξιομάχους
498 1631 653 1697 ἐκείνοισι
675 1625 769 1695 εἶναι.
798 1623 897 1696 αύτοί
911 1652 965 1714 τε,
990 1635 1065 1692 εἴτι

63 1726 290 1796 ὑποπτεύουσι
304 1724 349 1815 μὴ
371 1726 458 1817 δόλςο
474 1723 598 1806 αύτούς
617 1727 817 1814 προάγοιεν,
839 1728 963 1813 ἀτοϊμοι
979 1725 1065 1794 εἶναι

62 1831 99 1897 έν
114 1834 189 1916 τῇσι
204 1826 304 1917 νηυσῖ
317 1833 391 1913 τῇσι
405 1828 543 1894 ἐκείνων
562 1822 723 1911 ἀγόμενοι
740 1821 861 1911 ὅμηροι
875 1821 968 1892 εἶναι.
1003 1821 1062 1901 Ὡς
1078 1842 1113 1896 91

61 1925 98 1994 δὲ
108 1923 230 2005 πολλός
242 1910 288 2013 ἦν
302 1926 499 2012 λισσόμενος
515 1921 533 1991 6
551 1928 655 2004 ξεῖνος
669 1919 687 1990 6
702 1921 842 2008 Σάμιος,
859 1930 964 2009 είρετο
975 1928 1065 1990 Λευ·

60 2028 204 2111 τυχίδης,
221 2033 286 2096 είτε,
295 2023 459 2114 κληδόνος
470 2026 599 2093 εἵνεκεν
610 2023 738 2091 ἐθέλον
748 2023 922 2090 πυθέσθαι
934 2029 999 2089 είτε
1009 2021 1065 2087 καὶ

62 2120 143 2192 κατά
159 2128 341 2210 συντυχίην
355 2129 442 2192 θεοῦ
456 2128 649 2200 ποιεῦντος·
665 2113 705 2188 Ὦ
722 2125 808 2201 ξεῖνε
820 2119 947 2207 Σάμιε,
967 2126 1003 2188 τί
1013 2145 1065 2186 τοι

15 2228 18 2232 ’
58 2220 97 2289 τό
115 2219 261 2307 ούνομας
284 2218 302 2288 6
323 2222 360 2290 δὲ
377 2219 463 2290 εἶπε·
479 2218 744 2308 Ἡγησίστρατος.
772 2217 791 2287 6
809 2220 845 2288 δὲ
864 2217 1066 2306 ὑπαρπάσας

61 2315 121 2385 τὸν
135 2319 309 2389 &donov
323 2318 443 2406 λόγον,
465 2328 499 2387 εί
510 2344 586 2386 τινα
608 2315 740 2404 ὅρμητο
761 2320 872 2403 λέγειν
889 2313 908 2386 6
927 2313 1066 2403 Ἡγησί-

60 2435 215 2500 στρατος,
237 2412 324 2483 εἶπε·
355 2425 507 2502 Δέκομαι
520 2413 582 2484 τόν
596 2412 719 2484 οίωνόν
735 2411 796 2483 τδν
809 2412 1063 2501 ἡγησίστρατον,

61 2502 89 2577 τό
105 2514 189 2590 ξεῖνε
198 2511 316 2596 Σάμιε.
339 2508 383 2578 σῦ
398 2509 435 2579 δὲ
448 2508 529 2598 ἡμῖν
543 2516 635 2579 ποίεε
648 2507 735 2587 ὅκως
747 2506 848 2588 αύτός
862 2535 897 2577 τε
912 2507 992 2588 δούς
1007 2516 1064 2577 πί-

60 2629 136 2677 στιν
151 2605 364 2678 ἀποπλύσεαι
377 2614 433 2680 καί
452 2616 487 2679 οί
498 2608 565 2679 σῦν
579 2613 632 2679 σοὶ
644 2609 756 2688 ἐόντες
771 2611 858 2696 οίδε,
878 2602 901 2697 ἦ
916 2611 979 2696 μὲν
992 2619 1062 2678 Σα-
1090 2598 1093 2605 ’

59 2714 157 2794 μίους
176 2704 257 2792 ἡμῖν
276 2709 476 2794 προθύμους
493 2714 630 2776 ἔσεσθαι
651 2705 855 2792 συμμάχους.
894 2708 1006 2774 Ταῦτά
1025 2733 1061 2775 τε
1077 2720 1113 2773 92

59 2802 129 2891 ἀμα
143 2800 286 2890 ἠγόρευε
299 2807 355 2872 καὶ
370 2803 408 2875 τό
424 2811 525 2891 ἔργον
538 2811 696 2893 προσῆγε.
726 2801 845 2872 αὐτίκα
864 2802 930 2891 γάρ
947 2809 981 2873 οί
990 2805 1064 2873 Σά-

59 2927 129 2987 μιοι
144 2907 256 2969 πίστιν
270 2926 306 2968 τε
319 2904 375 2972 καὶ
388 2900 487 2991 ὅρκια
501 2906 675 2972 ἐποιεῦντο
689 2907 875 2990 συμμαχίης
889 2905 966 2990 πέρι
981 2904 1064 2990 πρὸς

60 2995 316 3086 τούςἝλληνας.

148 3101 259 3164 Ταῦτα
270 3096 307 3165 δὲ
317 3099 516 3186 ποιήσαντες
527 3107 561 3171 οί
570 3102 632 3188 μέν
642 3099 836 3171 ἀπέπλωον
856 3100 938 3188 μετά
949 3104 1064 3187 σφέων

58 3191 125 3281 γάρ
141 3195 271 3262 ἐκέλευε
286 3198 411 3266 πλύσιν
425 3197 487 3267 τόν
499 3198 775 3287 Ἡγησίστρατον,
798 3197 922 3268 οίωνὸν
940 3197 978 3266 τὰ
1001 3198 1063 3266 οῦ-

59 3321 148 3381 νομα
161 3294 375 3381 ποιεύμενος·
398 3305 433 3368 οί
446 3298 645 3386 δδἝλληνες
659 3297 848 3385 ἐπισχόντες
862 3300 987 3383 ταύτην
1000 3295 1063 3380 τὴν

58 3391 187 3479 ημέρην
209 3398 250 3478 τῇ
274 3389 431 3484 ῦστεραίη
452 3398 698 3483 έκαλλιρέοντο,
725 3398 977 3482 μαντευομένου
1001 3415 1064 3478 σφι
