2378 3840
142 165 205 228 230
520 172 771 233 HERODOTI

141 352 223 417 σιος,
239 321 380 418 λόγιμον
390 329 488 399 ἐόντα
499 335 536 398 έν
547 336 593 423 τῷ
605 336 814 426 στρατοπέδῳ
829 334 945 424 ἀνέρα.
969 341 1102 424 πρῦτος
1114 335 1151 404 δέ

136 426 305 516 Ἑλλήνων
319 433 378 497 νέα
394 435 462 497 τῶν
476 436 645 517 πολεμίων
662 428 728 501 εἷλε
742 429 828 521 ἀνήρ
840 431 1017 523 Ἀθηναῖος
1032 444 1151 503 Λυκο-

141 527 248 616 μήδης
259 533 457 614 Αἰσχραίου,
475 529 530 596 καὶ
545 526 581 596 τό
597 526 769 617 ἀριστήιον
782 537 879 619 ἔλαβε
893 525 1000 610 οὗτος.
1021 529 1103 609 τοὺς
1116 527 1148 598 δ’

141 628 178 693 ἐν
201 631 242 715 τῇ
262 631 428 714 ναυμαχίη
448 623 553 715 ταύτῃ
575 629 773 712 ἑτεραλκέως
797 626 1063 716 ἀγωνιζομένους
1084 625 1149 709 νῦξ

141 728 332 793 ἐπελθοῦσα
343 728 483 794 διέλυσε.
497 730 532 794 οί
540 727 603 813 μὲν
613 725 653 814 δή
662 725 817 815 Ἕλληνες
828 730 880 796 ἐπὶ
890 726 927 796 τό
940 727 1144 815 Ἀρτεμίσιον

141 823 336 909 ἀπέπλωον,
353 828 387 891 οί
399 824 435 892 δὲ
445 824 612 912 βάρβαροι
626 827 659 903 ἐς
674 823 732 904 τάς
747 824 900 913 Ἀφετοίς,
915 824 1042 894 πολλόν
1054 823 1146 913 παρά

141 920 244 1002 δόξαν
260 920 516 1010 ἀγωνισάμενοι.
532 925 582 992 έν
596 923 701 1013 ταότχγ
716 932 756 1014 τή
771 931 938 1014 ναυμαχίῃ
949 923 1148 1010 Ἀντίδωρος

139 1019 289 1106 Λήμνιος
300 1027 425 1106 μοῦνος
435 1028 504 1090 νῦν
515 1018 580 1090 σῦν
590 1021 893 1112 βασιλέιἘλλήνων
906 1023 1031 1092 ἐόντων
1042 1021 1148 1091 αῦτο-

139 1123 250 1205 μολέει
264 1122 297 1198 ἐς
311 1117 390 1198 τοῦς
403 1117 580 1208 Ἕλληνας,
601 1123 656 1190 καὶ
672 1125 707 1190 οἱ
721 1119 894 1208 Ἀθηναῖοι
911 1118 966 1188 ῦιά
988 1128 1089 1188 τοῦτο
1107 1118 1145 1188 τό

92 1233 125 1285 1⁶2
143 1223 242 1302 ἔργον
257 1221 378 1285 ἔδοσαν
392 1215 483 1309 αὐτῷ
496 1226 607 1306 χῶρον
621 1221 659 1287 έν
672 1229 848 1307 Σαλαμῖνι.
866 1218 925 1300 Ὡς
940 1222 976 1287 δὲ
991 1216 1147 1305 εὐφρόνη

138 1317 300 1403 ε’γεγόνεε,
314 1309 358 1405 ἦν
373 1319 435 1404 μὲν
445 1324 502 1406 τῆς
516 1316 604 1405 ὥρης
615 1321 718 1403 μέσον
728 1322 847 1406 θέρος,
862 1320 988 1404 ἐγίνετο
1001 1319 1037 1384 δὲ
1049 1315 1145 1402 ὕδωρ

137 1441 173 1483 τε
188 1412 332 1484 ἀπλετον
352 1412 407 1483 όιά
429 1415 537 1503 πόσης
556 1423 614 1503 τής
633 1414 756 1496 νυκτός
772 1420 827 1486 καὶ
848 1418 988 1503 σκληραὶ
1004 1418 1145 1504 βρονταὶ

138 1511 203 1582 ἀπό
216 1521 278 1582 τοῦ
287 1520 434 1601 Πηλίου·
450 1519 483 1583 οί
494 1515 530 1582 δὲ
541 1519 654 1600 νεκροὶ
668 1517 724 1583 καὶ
734 1512 774 1582 τά
788 1514 932 1602 ναυήγια
944 1517 1147 1601 ἐξεφόρεον·-

136 1638 174 1678 το
189 1612 223 1688 ἐς
236 1608 295 1688 τάς
308 1608 462 1699 Ἀφεταῖς,
476 1613 532 1680 καὶ
546 1619 625 1701 περί
635 1639 671 1681 τε
684 1610 743 1692 τάς
757 1613 894 1706 πρῴρας
908 1619 976 1681 τῶν
990 1620 1081 1679 νεῦν
1097 1616 1146 1680 εί-

137 1710 252 1777 λέοντο
267 1710 323 1776 καὶ
336 1708 520 1795 έτάρασσον
539 1707 619 1790 τοῦς
633 1707 776 1799 ταρσοὺς
796 1716 865 1778 τῶν
880 1713 1029 1779 κωπέων.
1060 1714 1097 1778 οί
1109 1709 1147 1778 ἀὲ

137 1813 334 1896 στρατιῶται
344 1810 378 1875 οί
386 1809 490 1897 ταότη
501 1805 682 1888 ἀκούοντες
690 1816 794 1877 ταῦτα
805 1811 838 1888 ές
849 1810 960 1898 φόβον
969 1813 1144 1879 ιιατιστέα·

135 1933 184 1993 το,
198 1907 384 1986 ἐλπίζοντες
397 1906 508 1991 πάγχυ
518 1901 721 1975 ἀπολέεσθαι
733 1909 767 1986 ές
776 1903 829 1975 οἷα
841 1904 928 1976 ααιιά
939 1898 1041 1995 ήκον·
1061 1909 1138 1993 πρὶι

137 2003 201 2091 γάρ
216 2000 238 2091 ή
255 2007 310 2072 καὶ
323 2003 536 2072 ἀναπνεῦσαί
545 2024 650 2091 σφεας
665 2011 701 2074 ἔκ
716 2031 751 2072 τε
765 2011 823 2091 τής
836 2011 998 2092 ναυηγίης
1009 2007 1064 2072 καὶ
1082 2011 1144 2071 τοῦ

136 2110 298 2191 χειμῶνος
311 2109 372 2170 τοῦ
387 2106 572 2189 γενομένου
583 2101 665 2170 κατά
676 2103 806 2190 Πήλιον
817 2099 963 2189 ὑπέλαβε
973 2107 1145 2188 ναυμαχίη

135 2206 282 2290 καρτερή
286 2252 296 2289 ,
312 2203 348 2268 έιι
364 2200 400 2269 δὲ
411 2207 469 2288 τῆς
480 2208 664 2287 ναυμαχίης
675 2199 798 2288 όμβρος
812 2227 847 2269 τε
860 2201 985 2287 λάβρος
994 2201 1049 2267 καὶ
1060 2199 1144 2287 ῥεό-

134 2328 221 2388 ματα
235 2298 352 2386 ίσχυρά
367 2303 401 2378 ἐς
410 2300 588 2368 θάλασσαν
600 2297 779 2387 ὡρμημένα
788 2306 932 2388 βρονταί
942 2325 978 2366 τε
989 2306 1143 2383 σκληραί.

89 2418 121 2472 13
136 2404 202 2468 Καὶ
216 2400 364 2468 τούτοισι
379 2399 442 2486 μὲν
456 2398 593 2485 τοιαότη
607 2396 669 2479 νὺξ
687 2401 829 2485 ἐγίνετο,
843 2411 929 2466 τοῖσι
942 2397 977 2464 δὲ
988 2404 1144 2481 ταχθεῖσι

135 2496 248 2568 αὐτῶν
261 2498 465 2583 περιπλοόειν
479 2496 630 2585 Εὔβοιαν
645 2494 666 2583 ή
684 2493 768 2583 αάτή
781 2521 843 2582 περ
859 2498 960 2563 ἐοῦσα
975 2490 1037 2572 νῦξ
1055 2501 1143 2560 πολ-

134 2594 196 2666 λόν
210 2589 254 2684 ήν
268 2600 315 2663 ἔτι
329 2592 531 2683 ἀγριωτέρη,
547 2593 695 2684 τοσούτῳ
710 2591 779 2684 όσφ
792 2595 830 2660 ἐν
845 2592 983 2678 πελάγεϊ
993 2594 1142 2678 φερομέ-

134 2713 223 2764 νοισι
238 2694 411 2779 ἐπέπιπτε,
427 2694 482 2760 καὶ
495 2689 533 2759 τό
549 2693 641 2769 τέλος
654 2712 715 2776 σφι
730 2691 860 2775 ἐγένετο
876 2687 988 2778 ἀχαρι·
1012 2686 1055 2767 ὡς
1073 2686 1141 2775 γάρ

134 2789 174 2880 δή
198 2789 349 2859 πλόουσι
368 2787 497 2859 αὐτοῖσι
518 2788 642 2875 χειμιόν
663 2814 698 2884 τε
719 2791 773 2857 καί
794 2785 831 2857 τό
853 2786 946 2872 ὕδωρ
968 2789 1140 2871 ἐπεγίνετο

134 2892 227 2960 εὀῦσι
243 2885 325 2956 κατά
340 2886 380 2955 τά
396 2895 503 2956 Κοῖλα
515 2893 574 2974 τῆς
588 2885 752 2974 Εὐβοίης,
770 2883 953 2974 φερόμενοι
967 2891 1013 2975 τῷ
1030 2884 1142 2951 πνεό-

133 3017 210 3078 ματι
230 2992 285 3057 καὶ
305 2985 368 3056 οάκ
390 2985 512 3066 είῦότες
527 2994 567 3075 τή
587 2988 765 3074 ἐφέροντο,
782 2987 955 3066 ἐξέπιπτον
973 2979 1057 3067 πρὸς
1079 2979 1141 3060 τὰς

132 3092 262 3173 πέτρας.
283 3087 429 3156 ἐποιέετό
441 3112 478 3155 τε
492 3092 561 3154 πᾶν
578 3082 644 3152 ὑπὸ
661 3091 722 3154 τοῦ
736 3091 840 3170 θεοῦ,
862 3080 948 3161 όαως
962 3075 1005 3148 ἀν
1020 3081 1140 3159 ἐξισω·

132 3193 209 3271 θείη
223 3192 269 3274 τῷ
282 3183 462 3275 Ἑλληνικῷ
479 3181 517 3253 τό
532 3180 701 3270 Περσικόν
714 3181 799 3270 μηδὲ
820 3185 932 3270 πολλοῦ
954 3179 1058 3247 πλέον
1073 3186 1135 3265 είη.

134 3273 237 3350 Οὗτοι
252 3283 313 3368 μέν
328 3308 394 3350 ννν
404 3285 480 3367 περὶ
493 3279 533 3350 τά
544 3289 650 3352 Κοῖλα
663 3289 721 3370 τῆς
731 3278 878 3370 Εὐβοίης
887 3281 1137 3365 διεφθείροντο,

64 3379 265 3622 Ἴον
274 3374 427 3470 Ἀφετήσι
438 3378 614 3471 βάρβαροι,
632 3378 677 3459 ἀς
687 3400 747 3468 σφι
759 3376 932 3469 ἀσμένοισι
942 3373 1047 3466 ἡμέρη
1058 3375 1137 3444 ἐπέ·
