2378 3840
296 170 382 226 ιΙΒ.
415 168 485 226 vm.
517 167 615 228 οΑΡ.
651 176 826 232 [τε-ιω.
1000 167 1063 234 279

59 323 150 412 τηςὸ
167 323 377 410 Ἀρταχαίον·
409 329 554 410 συνήρχε
574 325 611 391 δὲ
630 325 777 394 τούτοισι
793 327 847 397 καὶ
868 328 1064 417 ἀδελφιδέος

59 422 164 494 αὐτοῦ
176 421 381 512 Ἀρταΰντεω
396 425 645 508 προσελομένου
657 421 852 514 Ἰθαμίτρης·
876 427 934 495 ἀτε
950 433 986 496 δέ
1003 454 1062 514 με-

58 524 168 612 γάλως
182 528 378 609 πληγέντες,
401 517 444 588 ού
460 522 626 608 προήισαν
642 519 797 612 ἀνωτέρω
811 522 849 593 τδ
866 522 952 613 πρὸς
966 527 1063 594 ἑσπέ-

58 652 134 712 ρης,
151 621 225 690 οάδ’
246 622 451 708 ἐπηνάγκαζε
466 617 545 688 οὐδὲ
562 617 624 708 είς,
640 619 714 690 ἀλλ’
732 625 769 690 έν
783 631 823 713 τή
839 624 945 717 Σάμη)
960 624 1063 711 κατή-

58 750 153 813 μενοι
174 722 367 808 ἐφύλασσον
383 717 446 807 τήν
461 717 589 806 Ἰωνίην
609 717 654 806 μή
672 717 815 811 ἀποστῇ,
836 725 914 802 νέας
934 728 1064 811 ἔχοντες

58 825 123 895 σὺν
134 831 208 914 τῇσι
216 821 296 890 Ἰάσι
305 827 503 910 τριηκοσίας.
516 818 558 888 ού
569 823 631 908 μὲν
641 819 719 889 οὐδὲ
731 826 972 910 προσεδέκοντο
984 820 1064 902 τούς

61 926 221 1013 Ἕλληνας
232 924 429 993 ἐλεύσεσθαι
442 925 475 1002 ές
485 920 546 1009 τήν
554 919 694 1009 Ἰωνίην,
707 919 780 989 ἀλλ’
790 919 991 1008 ἀποχρήσειν
1002 942 1063 1008 σφι

57 1024 120 1113 τήν
140 1027 276 1093 ἑωυτῶν
296 1021 498 1109 φυλάσσειν,
527 1021 775 1107 σταθμεύμενοι
797 1018 849 1088 ὅτι
872 1023 976 1106 σφέας
1001 1017 1063 1088 οὐκ

58 1127 239 1205 ἐπεδίωξαν
251 1124 439 1210 φεύγοντας
448 1124 486 1189 έκ
497 1128 699 1207 Σαλαμῖνος,
717 1116 791 1187 ἀλλ’
804 1116 943 1205 ἀσμενοι
954 1114 1063 1187 ἀπαλ-

58 1226 231 1293 λάσσοντο.
254 1220 338 1290 κατὰ
353 1224 415 1309 μέν
428 1246 495 1288 νυν
509 1217 572 1308 τήν
585 1219 762 1288 θάλασσαν
777 1222 958 1306 ἑσσωμένοι
974 1211 1062 1306 ήσαν

59 1329 103 1411 τῷ
119 1326 238 1410 θυμῷ,
256 1325 336 1408 πεζή
350 1321 386 1388 δέ
403 1321 540 1388 ἐδόκεον
555 1314 682 1386 πολλὸν
698 1316 877 1405 κρατήσειν
887 1314 948 1384 τδν
959 1325 1062 1405 Μαρ-

57 1422 183 1489 δόνιον.
213 1418 324 1498 ἐόντες
337 1419 375 1486 δέ
390 1421 428 1486 έν
443 1418 549 1509 Σάμφ
566 1415 635 1504 ἅμα
650 1417 712 1504 μέν
726 1416 964 1504 ἐβουλεύοντο,
987 1423 1021 1484 εί
1030 1442 1062 1483 τι

57 1522 215 1585 δυναίατο
231 1513 337 1583 κακὸν
347 1512 427 1594 τούς
437 1521 617 1601 πολεμίους
627 1517 764 1601 ποιέειν,
778 1510 848 1600 ἀμα
862 1515 899 1583 δέ
909 1518 964 1583 καί
976 1512 1063 1582 ἀτα-
1133 1549 1135 1553 ·

57 1614 230 1700 κούστεον,
246 1612 309 1702 ὅπη
323 1616 473 1681 πεσέεται
488 1611 529 1680 τά
545 1618 746 1699 Μαρδονίου
760 1612 946 1701 πρήγματα.
975 1610 1064 1692 Τοάς
1079 1622 1126 1680 131

57 1714 94 1781 δὲ
107 1712 268 1800 Ἕλληνας
281 1714 319 1781 τό
335 1739 371 1781 τε
392 1720 450 1810 ἔαρ
466 1713 649 1801 γινόμενον
662 1713 774 1803 ήγειρε
794 1721 849 1783 καὶ
864 1714 1062 1803 Μαρδόνιος

58 1819 95 1884 έν
110 1822 276 1903 Θεσσαλίη
293 1814 367 1882 ἐύν.
389 1812 484 1902 ὁμὲν
499 1812 539 1902 δή
553 1812 648 1896 πεζὸς
664 1814 754 1882 οὔκω
768 1820 974 1904 συνελέγετο,
989 1815 1008 1886 δ
1024 1817 1062 1885 δέ

57 1914 215 1995 ναντικδς
225 1913 360 1984 ἀπίκετο
372 1918 405 1995 ές
415 1925 571 2003 Λλγιναν,
582 1919 655 1995 νέες
666 1913 816 2002 ἀριθμὸν
826 1917 906 1985 δέκα
917 1919 973 1985 καί
984 1919 1062 1984 ἑκα-

57 2016 126 2084 τόν.
157 2011 338 2101 στρατηγὸς
355 2017 391 2081 δὲ
408 2017 463 2083 καὶ
480 2015 647 2102 ναύαρχος
667 2006 712 2100 ήν
725 2018 930 2102 Λευτυχίδης
945 2011 969 2081 ὁ
985 2020 1062 2083 Με-

58 2115 176 2199 νάρεος
195 2119 257 2181 τοῦ
271 2111 453 2201 Ἡγησίλεω
474 2121 535 2181 τοῦ
550 2111 807 2201 Ἱπποκρατίδεω
823 2119 885 2181 τοῦ
898 2119 1062 2199 Λευτυχί-

27 2246 28 2249 “
57 2216 121 2294 δεω
141 2217 203 2278 τοῦ
221 2208 397 2290 Ἀναξίλεω
415 2215 476 2277 τοῦ
496 2206 696 2296 Ἀρχιδήμου
717 2215 778 2277 τοῦ
798 2205 1061 2298 Ἀναξανδρίδεω

55 2316 116 2376 τοῦ
132 2308 335 2393 Θεοπόμπου
354 2315 415 2377 τοῦ
430 2309 629 2395 Νικάνδρου
648 2313 709 2375 τοῦ
723 2314 893 2396 Χαρίλλου
913 2316 974 2376 τοῦ
989 2305 1061 2377 Εὐ-

57 2405 165 2490 νόμου
176 2411 237 2470 τοῦ
247 2406 466 2476 Πολυδέκτεω
485 2412 546 2473 τοῦ
556 2406 748 2493 Πρυτάνιος
758 2415 819 2474 τοῦ
831 2405 1061 2495 Εὐρυφῶντος

55 2508 117 2569 τοῦ
138 2503 307 2586 Προκλέος
327 2509 388 2570 τοῦ
405 2501 643 2591 Ἀριστοδήμου
663 2510 725 2570 τοῦ
744 2501 983 2592 Ἀριστομάχου
999 2510 1060 2571 τοῦ

56 2603 244 2668 Κλεοδαίου
254 2607 315 2667 τοῦ
322 2600 443 2669 Ὕλλου
457 2609 518 2669 τοῦ
527 2599 717 2689 Ἡρακλέος,
733 2599 799 2669 έάν
813 2609 871 2690 τής
885 2607 997 2692 ἑτέρης
1010 2609 1061 2672 οί-

55 2705 129 2784 κίης
142 2703 210 2764 τῶν
226 2701 400 2784 βασιλέων.
430 2692 524 2768 οὗτοι
542 2698 680 2786 πάντες,
701 2697 789 2787 πλήν
803 2709 872 2770 τῶν
886 2707 979 2771 δυῶν
992 2709 1061 2771 τῶν

54 2792 136 2883 μετά
153 2801 361 2883 Λευτυχίδην
375 2798 518 2885 πρύτων
534 2801 822 2885 καταλεχθέντων,
838 2804 873 2869 οί
887 2799 982 2870 ἄλλοι
997 2808 1061 2888 βα-

54 2895 160 2971 σιλέες
172 2895 326 2980 ἐγένοντο
333 2896 501 2984 Σπάρτης.
521 2895 711 2982 Ἀθηναίων
723 2900 760 2966 δὲ
769 2897 1061 2987 έστρατήγεεΞάν-

54 3003 181 3071 θιππος
192 2989 209 3060 ὁ
222 2990 428 3082 Ἀρίφρονος.
445 2993 504 3074 Ὡς
514 2998 551 3062 δὲ
563 2999 786 3082 παρεγένοντο
797 2999 831 3075 ές
840 2995 904 3083 τήν
915 3005 1061 3082 Λίγιναν
1078 3005 1128 3062 132

54 3097 157 3158 πᾶσαι
174 3097 210 3160 αί
219 3097 301 3182 νέες,
317 3092 476 3164 ἀπίκοντο
488 3091 611 3162 Ἰάνων
624 3091 760 3179 ἀγγελοι
777 3096 810 3173 ές
823 3091 860 3160 τὸ
876 3092 1060 3178 στρατόπε-

55 3199 117 3260 δον
131 3198 199 3259 τῶν
214 3191 400 3281 Ἑλλήνων,
421 3200 457 3263 οἳ
473 3196 528 3262 καί
548 3195 581 3271 ές
595 3192 758 3281 Σπάρτην
778 3191 879 3286 ὀλίγω
893 3192 1059 3281 πρότερον

55 3289 185 3358 τούτων
198 3287 395 3378 ἀπικόμενοι
411 3294 544 3360 έδέοντο
559 3295 833 3377 Λακεδαιμονίων
853 3294 1059 3381 ἐλευθεροῦν

54 3388 114 3465 τήν
126 3386 272 3474 Ἰωνίην·
289 3397 357 3456 τῶν
367 3387 637 3476 καὶἩρόδοτοςὸ
652 3394 856 3476 Βασιληίδεω
866 3383 917 3478 ἦν.
936 3396 1058 3457 οΐστα-
