2378 3840
327 196 414 254 LIB.
445 197 493 254 vl.
526 196 626 256 CAP·
659 201 804 258 92-98.
1009 187 1068 255 101

62 380 112 443 το,
124 353 169 435 όις
179 356 242 442 μὲν
253 358 325 444 ἐμοί
336 355 476 441 δοκέειν,
488 357 655 432 δείσαντες
666 353 808 440 μάλιστα
818 351 878 422 τόν
888 358 1070 438 περίπλοον

60 451 236 539 ποῦ’Ἅθω,
251 451 304 522 ότι
313 459 360 543 τῷ
371 454 521 543 προτέρῳ
536 456 602 520 ἐτεί
615 452 811 540 ποιεύμενοι
824 452 928 542 ταῦτη
938 449 1001 540 τήν
1011 479 1071 522 κο-

60 546 167 640 μιδήν
175 549 328 637 μεγάλως
338 553 602 635 προσέπταισαν·
614 547 699 637 πρός
710 548 956 639 δέκαίήΝόξος
967 551 1071 638 σφέας

59 645 239 736 ἠνάγκαζε,
249 647 416 737 πρότερον
427 645 490 716 οῦκ
502 645 639 717 ἁλοῦσα.
659 645 746 716 Ἐπεὶ
759 652 795 718 δὲ
806 653 843 718 ἐκ
855 656 916 717 τοῦ
927 647 1069 736 Ἰκαρίου
1085 656 1119 711 96

60 746 225 835 πελάγεος
241 747 512 835 προσφερόμενοι
527 750 729 834 προσέμιξαν
741 747 895 839 τήΝόξῳ
914 749 1072 817 ’ἐπὶτοῦ-

60 873 127 935 την
145 843 212 933 γὰρ
233 843 274 932 δή
296 847 434 934 πρότην
455 849 586 932 ἐπείχον
607 846 850 935 στρατεύεσθαι
869 851 903 916 οί
917 849 1070 936 Πέρσαι,

61 947 269 1033 μεμνημένοι
283 950 351 1011 των
371 943 536 1032 πρότερον
555 949 590 1013 οί
600 945 722 1025 Νόξιοι
741 943 825 1030 πρὸς
839 943 880 1012 τό
900 944 1003 1034 οῦρεα
1020 957 1071 1015 οί-

60 1067 163 1130 χοντο
173 1040 356 1130 φεόγοντες
369 1038 448 1109 οὐδὲ
459 1038 652 1127 ὑπέμειναν.
672 1046 706 1110 οί
714 1042 751 1109 δὲ
760 1042 888 1130 Πέρσαι
899 1039 1072 1131 ἄνδραπο-

63 1139 239 1228 ῦισόμενοι
252 1137 333 1219 τοῦς
348 1145 532 1228 κατέλαβον
545 1137 674 1227 αὐτόν,
691 1141 880 1230 ἐνέπρησαν
895 1145 951 1211 καί
960 1140 1001 1209 τὰ
1016 1140 1072 1228 ίρὰ

62 1241 121 1309 καί
129 1235 193 1325 τήν
202 1237 313 1325 πόλιν,
326 1245 431 1307 ταῦτα
445 1237 482 1307 δὲ
492 1237 690 1325 ποιήσαντες
701 1240 754 1307 ἐπί
763 1235 822 1318 τὰς
833 1237 935 1320 όλλας
948 1240 1073 1329 νήσους

63 1337 241 1427 όνήγοντο.
269 1330 365 1428 Ἐνῷ
382 1339 418 1406 δὲ
436 1331 530 1407 οῦτοι
545 1345 649 1407 ταῦτα
665 1341 816 1427 ἐποίευν,
833 1345 867 1409 οί
877 1342 1000 1429 Δήλιοι
1015 1343 1072 1408 ἐκ·
1085 1345 1118 1401 97

28 1523 32 1529 ¹
63 1434 219 1514 λιπόντες
232 1437 288 1503 καί
302 1433 396 1504 αὐτοὶ
410 1434 472 1523 τήν
482 1443 600 1523 Δήλου
615 1447 745 1523 οίχοντο
760 1437 944 1524 φεύγοντες
958 1442 991 1518 ἐς
1005 1444 1073 1526 Ῥή-

63 1563 138 1607 υυυ.
160 1541 218 1621 τής
233 1534 269 1601 δὲ
284 1541 438 1621 στρατιῆς
449 1533 710 1620 καταπλωοῦσης
724 1531 858 1615 όΔολτις
872 1537 1073 1623 προπλώσας

62 1633 130 1706 τόν
145 1639 183 1702 ἐα
201 1629 261 1711 τὰς
274 1635 353 1711 νέας
372 1629 456 1719 πρὸς
470 1630 533 1719 τήν
547 1640 653 1719 νήσου
667 1640 966 1722 προσορμιζεσθαι,
988 1632 1072 1704 ἀλλὰ

62 1735 173 1819 πέρην
183 1727 416 1818 ἐντήῬηναίη·
430 1728 530 1811 αὐτὸς
541 1733 578 1800 δὲ
589 1731 784 1818 πυθόμενος
793 1736 850 1801 ἵνα
858 1726 947 1821 ήσαν
957 1739 991 1802 οί
1000 1733 1074 1821 Δή-

63 1842 143 1918 λιοι,
160 1833 300 1917 πέμπων
311 1829 443 1917 κήρυκα
457 1827 603 1917 ήγόρευέ
615 1850 677 1918 σφι
689 1829 784 1899 τόδε·
799 1829 937 1919 ’Ἄνδρες
951 1834 1027 1919 ίροί,
1042 1835 1078 1898 τί

64 1930 250 2018 φεύγοντες
260 1938 404 2016 οίχεσθε,
417 1925 480 1997 οῦκ
492 1928 646 2017 ἐπιτήδεα
657 1929 879 2015 καταγνόντες
888 1929 962 1999 κατ’
976 1935 1072 2018 ἐμεῦς

63 2025 132 2116 ἐγιό
146 2025 211 2115 γόιρ
223 2030 279 2096 καί
293 2024 394 2106 αῦτός
405 2029 458 2095 ἐπί
467 2027 609 2096 τοσοῦτό
619 2053 658 2114 γε
672 2029 807 2116 φρονέω
820 2034 880 2096 καί
891 2054 948 2116 μοι
963 2030 1000 2099 ἐκ
1010 2036 1074 2117 βα-

62 2129 176 2206 σιλέος
191 2118 256 2194 ὦσε
270 2127 479 2212 ἐπέσταλται,
496 2128 533 2193 ἐν
546 2132 586 2216 τῇ
596 2125 688 2215 χόρη
699 2131 733 2194 οί
742 2126 804 2194 δύο
818 2128 896 2195 θεοί
908 2130 1072 2215 ἐγένοντο,

63 2224 193 2310 ταύτην
206 2227 310 2311 μηδὲν
322 2229 487 2309 σίνεσθαι,
499 2221 580 2310 μήτε
591 2221 697 2311 αὐτήν
707 2221 770 2312 τήν
779 2224 893 2314 χοόρην
903 2225 985 2312 μήτε
995 2222 1074 2305 τοῦς

64 2321 241 2412 οἰκήτορας
252 2319 362 2408 αὐτῆς.
377 2328 445 2389 νῦν
458 2313 507 2388 όν
517 2324 573 2390 καί
584 2319 679 2390 όπιτε
691 2324 743 2391 ἐπί
755 2320 796 2390 τοὶ
806 2320 951 2410 ὑμέτερα
962 2320 1075 2392 αὐτῶν

63 2423 123 2493 καὶ
131 2417 194 2507 τήν
205 2427 311 2506 νήσου
322 2423 474 2506 νέμεσθε.
495 2426 607 2488 Ταῦτα
618 2426 681 2508 μέν
689 2421 978 2509 ἐπεκηρυκεύσατο
989 2437 1076 2491 τοῖσι

63 2524 233 2606 Δηλίοισι,
246 2514 327 2604 μετὰ
339 2521 376 2586 δέ
386 2525 575 2606 λιβανωτοῦ
586 2519 760 2607 τριηκόσια
771 2518 917 2588 τόλανια
928 2520 1076 2608 κατανή-

64 2638 128 2696 σας
141 2617 193 2685 ἐπὶ
206 2622 267 2684 τοῦ
281 2623 398 2704 βωμοῦ
413 2619 584 2702 ἐθυμίησε.
605 2623 711 2696 Δᾶτις
724 2621 786 2704 μέν
801 2615 841 2705 δή
857 2625 961 2688 ταῦτα
975 2619 1075 2708 ποιή-
1089 2620 1123 2676 93

35 2798 46 2808 ‚
65 2740 128 2797 σας
143 2721 249 2785 έπλωε
263 2715 331 2804 ἅμα
345 2722 392 2806 τῷ
407 2721 536 2805 στρατῷ
548 2716 600 2783 ἐπὶ
610 2710 673 2801 τήν
685 2711 854 2802 Ἐρέτριαν
864 2722 991 2803 πρῶτα,
1007 2714 1076 2802 ἅμα

65 2815 232 2905 ἀγόμενος
246 2812 423 2894 καίἽωνας
437 2815 493 2883 καί
503 2816 660 2901 Λίολέας,
675 2809 756 2900 μετὰ
768 2812 804 2882 όέ
818 2819 939 2881 τοῦτον
953 2817 1076 2883 ἐνθεῦ-

64 2943 125 2988 τεν
140 2915 364 3001 ἐξαναχθέντα
381 2919 491 3002 Δήλος
509 2912 667 3001 ἐκινήθη,
684 2908 729 2991 ός
743 2917 859 2999 ἔλεγον
873 2911 1005 2999 Δήλιοι,
1020 2911 1077 2980 καὶ

25 3060 31 3067 ·
66 3023 184 3107 πρῦτα
199 3017 255 3084 καί
267 3013 393 3084 ὕστατα
410 3020 504 3102 μέχρι
525 3017 605 3102 ἐμεῦ
620 3023 800 3083 σεισθεῖσα.
830 3016 998 3082 καὶτοῦτο
1014 3015 1077 3098 μέν

65 3144 133 3192 κον
155 3119 253 3203 τέρας
271 3111 485 3203 ιἰνθρόποισι
502 3121 571 3183 τόν
591 3111 784 3200 μελλόντων
805 3117 942 3179 ἔσεσθαι
962 3117 1076 3178 κακῶν

67 3223 174 3304 ἔφηνε
185 3210 203 3283 ὁ
214 3213 304 3293 θεός.
319 3216 372 3282 ἐπὶ
378 3211 443 3301 γὰρ
451 3218 600 3298 Δαρείου
610 3207 876 3286 τοῦὙστόσπεος
886 3207 941 3275 καί
947 3209 1075 3292 Ξέρξεω

66 3323 130 3385 τοῦ
141 3319 291 3398 Δαρείου
305 3314 361 3382 καί
372 3310 589 3401 Ἀρταξέρξεω
603 3314 664 3377 τοῦ
675 3309 814 3394 Ξέρξεω,
829 3311 933 3392 τριῦν
947 3303 1076 3372 τοῦτον

67 3418 185 3503 ἐπεξῆς
195 3416 339 3500 γενεέων
347 3413 476 3499 ἐγένετο
488 3412 577 3479 πλέω
588 3405 674 3477 κακοὶ
685 3413 725 3496 τή
734 3399 897 3490 Ἐλλόόιή
908 3406 960 3471 ἐπὶ
972 3411 1077 3471 είκοσι
