2378 3840
318 189 403 248 ΗΒ.
436 187 506 242 vm.
541 187 640 244 cAP.
674 192 814 248 ⁷4-79.
1008 185 1070 247 255

66 356 259 434 Σαλαμίνα,
281 344 410 434 ἀνῆγον
427 345 463 412 δὲ
477 348 511 411 οί
523 340 608 428 ἀμφὶ
623 341 685 431 τὴν
698 349 788 413 Κέον
803 373 838 414 τε
853 352 908 414 καὶ
921 349 982 433 την
996 354 1071 415 Κυ-

67 445 237 530 νόσουραν
247 445 452 530 τεταγμένοι,
464 441 616 526 κατεῖχόν
626 468 661 509 τε
671 447 765 531 μέχρι
773 451 971 529 Μουνυχίης
981 443 1069 510 πάν-

65 568 105 607 τα
122 538 182 609 τόυ
200 539 360 628 πορθμὸν
379 545 454 627 τῇσι
471 547 580 622 νηυσί.
608 543 714 608 ταῖνδε
736 543 772 609 δὲ
793 546 921 610 εἵνεκεν
941 541 1069 627 ἀνῆγον

40 712 44 718 ,
65 640 123 719 τάς
134 644 221 724 νέας,
232 642 290 706 ἵνα
304 634 344 724 δὴ
355 649 440 704 τοῖσι
447 632 581 720 Ἕλλησι
592 636 675 723 μηδὲ
686 653 808 723 φυγεῖν
820 644 885 728 ἐξῇ,
897 637 971 711 ἀλλ’
985 637 1069 705 άπο-

65 742 276 825 λαμφθέντες
291 739 328 805 έν
341 741 381 824 τῇ
395 742 563 820 Σαλαμῖνι
584 738 675 802 δοῖεν
692 742 779 804 τίσιν
795 745 863 806 τῶν
883 737 935 806 ἐπ’
958 737 1069 827 Ἀρτε-

65 846 162 930 μισίῳ
177 835 430 924 ἀγωνισμάτων.
458 835 491 912 ές
511 833 547 900 δέ
563 831 626 919 την
640 839 758 919 νησῖδα
778 835 839 922 τὴν
858 838 1069 907 Ψυττάλειαν

66 939 271 1022 καλεομένην
285 931 485 1020 ἀπεβίβαζον
498 936 566 999 τῶν
576 935 736 1019 Περσέων
748 940 854 1003 τῶνδε
867 938 1005 1022 εἵνεκεν,
1024 934 1068 1013 ὡς

65 1029 168 1101 ε’πεάν
181 1033 316 1118 γένηται
331 1034 508 1115 ναυμαχίη,
526 1031 674 1097 ἐνθαῦτα
688 1031 830 1115 μάλιστα
848 1034 1067 1118 ἐξοισομένων

65 1140 134 1200 τῶν
148 1158 183 1199 τε
199 1127 335 1215 ἀνδρῶν
352 1133 491 1198 καὶτῶν
511 1136 683 1215 ναυηγίων
702 1133 749 1198 ’έν
764 1129 829 1217 γάρ
846 1129 887 1217 δὴ
903 1132 997 1223 πόρω
1011 1139 1069 1216 τῆς

65 1236 248 1315 ναυμαχίης
268 1234 326 1315 τῆς
340 1226 526 1315 μελλούσης
543 1232 688 1296 ἔσεσθαι
699 1231 806 1297 έκέετο
822 1227 842 1315 ἡ
858 1239 989 1318 νῆσος,
1011 1234 1068 1297 ἵνα

16 1320 21 1325 ’
66 1323 144 1404 τούς
158 1327 220 1412 μὲν
231 1324 459 1413 περιποιέωσι,
470 1321 549 1403 τούς
565 1327 601 1392 δέ
616 1329 847 1412 διαφθείρωσι.
881 1331 1016 1396 έποίευν
1031 1331 1067 1396 δὲ

65 1430 142 1512 σιγῇ
157 1429 276 1509 ταῦτα,
294 1420 338 1501 ὡς
350 1419 396 1543 μὴ
413 1429 697 1508 πυνθανοίατοοί
710 1425 864 1492 ἐναντίοι.
895 1430 939 1493 Οί
924 1427 1012 1512 ίμέν
1026 1424 1066 1511 δὴ

67 1529 168 1588 ταῦτα
183 1527 240 1607 τῆς
257 1518 380 1599 νυκτὸς
395 1505 496 1588 οὐδέν
510 1518 795 1609 ἀποκοιμηθέντες
808 1526 1042 1644 παραρτέοντο

148 1626 332 1705 Χρησμοίσι
349 1616 444 1685 δέ’
405 1644 468 1686 ουκ
485 1624 547 1705 ἔχω
562 1616 782 1721 ἀντιλέγειν“
761 1648 805 1700 ως
822 1619 884 1689 οάκ
906 1623 967 1690 είσὶ
982 1618 1066 1708 ἀλη-
1046 1634 1109 1690 -n

65 1723 152 1802 θέες,
164 1744 205 1785 ου
194 1716 421 1804 ’βουλόμενος
432 1721 595 1806 έναργέως
606 1716 762 1806 λέγοντας
771 1727 952 1806 πειρᾶσθαι
964 1748 1066 1789 κατα-

64 1818 218 1904 βάλλειν,
236 1814 393 1892 έςτοιάδε
410 1816 587 1902 πρήγματα
603 1819 771 1903 ἐσβλέψας.

104 1910 191 1981 Ἀλλ’
211 1910 293 1979 ὅταν
305 1909 492 2034 Ἀρτέμιδος
504 1912 696 2000 χρυσαόρου
712 1911 841 1999 ίερόν’
822 1913 926 2000 ακτὴυ

79 2037 84 2044 ·
108 2010 206 2096 νηυσὶ
221 2011 443 2097 γεφυρώσωσι
460 2013 563 2079 καλί
533 2017 682 2097 εἰναλίην
695 2011 938 2099 Κυνόσουραν,

107 2112 213 2177 ἐλπίδι
227 2109 412 2195 μαινομένη
427 2106 569 2196 λιπαράς
583 2107 782 2195 πέρσαντες’
780 2109 927 2199 Αθήνας,

106 2213 160 2276 δῖα
174 2215 261 2293 Δίκη
280 2208 410 2293 σβέσσει
425 2204 589 2294 κρατερὸν
602 2205 872 2296 Κόρον,’Ὺβριος
886 2213 974 2295 υίόν,

106 2304 220 2376 δεινὸν
233 2307 442 2393 μαιμώοντα,
465 2304 618 2376 δοκεῦντ’
635 2304 700 2375 ἀνά
716 2307 825 2375 πάντα
840 2312 1011 2376 πιθέσθαι.

106 2402 237 2483 Χαλκός
251 2401 315 2491 γάρ
330 2411 440 2496 χαλκῷ
457 2410 667 2493 συμμίξεται,
683 2409 795 2496 αἵματι
809 2405 840 2474 δ’
854 2404 956 2494 ’Ἄρης

106 2503 234 2571 πόντον
248 2508 400 2589 φοινίξει.
422 2500 491 2571 τότ’
508 2505 691 2590 ἐλεύθερον
700 2501 855 2580 Ἑλλάδος
869 2496 959 2589 ἦμαρ

108 2597 258 2683 εὐρύοπα
273 2604 439 2687 Κρονίδης
454 2600 568 2687 ἐπάγει.
584 2603 638 2668 καλ
652 2600 772 2668 πότνια
788 2606 886 2688 Νίκη.

63 2705 98 2781 ές
113 2706 250 2769 τοιαῦτα
265 2702 327 2787 μὲν
341 2703 395 2769 καὶ
410 2699 498 2770 οὕτω
514 2703 677 2789 ἐναργέως
690 2704 820 2787 λέγοντι
835 2702 955 2772 Βάκιδι
973 2705 1066 2774 άυτι·

63 2804 177 2886 λογίης
190 2804 348 2885 χρησμῶν
361 2801 436 2882 πέρι
451 2797 528 2868 οὔτε
540 2796 639 2878 αὐτὸς
649 2801 757 2885 λέγειν
765 2802 890 2888 τολμέω
898 2801 975 2871 οὔτε
984 2801 1063 2889 παρ’

63 2896 176 2966 ἀλλων
191 2900 374 2984 ἐνδέκομαι.

150 3003 226 3064 Τῶν
236 2997 272 3063 δὲ
284 2999 321 3065 έν
327 3003 493 3081 Σαλαμῖνι
505 3002 698 3083 στρατηγῶν
709 2998 834 3081 έγίνετο
848 2992 996 3082 ὠθισμὸς
1007 2996 1064 3064 λό-
1074 3010 1110 3067 78

64 3121 133 3180 γωυ
147 3095 277 3175 πολλός.
297 3094 422 3185 ᾔδεσαν
434 3097 470 3164 δὲ
482 3094 590 3181 οὔκω,
606 3093 654 3162 ὅτι
672 3094 776 3181 σφέας
786 3099 1064 3182 περιεκυκλοῦντο

63 3198 137 3281 τῇσι
151 3194 248 3277 νηυσὶ
264 3197 298 3260 οί
309 3193 492 3281 βάρβαροι,
516 3189 589 3262 ἀλλ’
607 3190 718 3280 ὥσπερ
740 3198 796 3278 τῆς
817 3191 942 3281 ἡμέρης
957 3189 1063 3276 αἵρεον

62 3286 186 3368 αὐτοὺς
199 3295 435 3377 τεταγμένους,
458 3287 690 3358 ἐδόκεον-κατά
711 3287 824 3376 χάρην
841 3285 934 3356 εἶναι.
968 3297 1111 3356 ἱνα-79

62 3387 251 3475 εστητιότων
265 3389 301 3453 δὲ
312 3393 379 3454 τῶν
395 3393 589 3475 στρατηγῶν
601 3388 636 3468 έξ
647 3391 786 3474 Αἰγίνης
801 3389 893 3476 διέβη
905 3384 1062 3470 'Amata'-
