2378 3840
121 179 184 244 268
500 182 750 239 HERODOTI

121 339 205 408 τότε.
229 344 263 407 οἵ
278 360 316 408 σε
335 341 521 427 ποιήσαντα
536 336 673 424 ἀνόσια,
696 338 789 431 νόμῳ
811 345 927 434 δικαίῳ
941 340 1131 429 χρεόμενοι,

121 436 299 526 ὑπήγαγον
309 444 343 519 ἐς
351 455 462 526 χεῖρας
476 436 534 516 τάς
545 440 640 524 ἐμοίς,
657 435 741 503 ὥστε
753 457 790 504 σε
803 436 847 525 μῆ
859 442 1056 524 μέμψασθαι
1066 434 1131 523 τῆν

122 535 179 605 ἀπ’
197 540 272 624 ἐμέο
291 564 343 606 τοι
364 540 525 624 ἐσομένην
541 541 647 622 δίκην.
676 533 721 615 ὡς
742 539 782 604 δέ
796 541 830 605 οί
846 544 951 604 ταῦτα
966 535 1131 619 ώυείδισε,

122 634 295 722 ἀχθέντων
310 643 378 704 τῶν
393 639 522 704 παίδων
539 637 572 713 ἐς
586 633 667 716 ὄψιν
685 633 888 723 ῆυαγκάζετο
903 636 921 706 ὁ
935 638 1133 716 Πανιώνιος

123 743 190 803 των
205 738 332 803 ἑωυτοῦ
345 739 476 804 παίδων
492 736 660 821 τεσσέρων
674 735 800 803 ἐόντων
819 733 860 803 τά
875 741 984 805 αἰδοία
1002 735 1133 805 ἀποτό-

123 859 237 919 μνειυ,
258 830 527 920 ἀναγκαζόμενος
549 833 584 901 δὲ
606 837 713 901 ἐποίεε
732 842 846 903 ταῦτα.
880 835 985 905 αὐτοῦ
1004 863 1058 922 τε,
1085 833 1133 914 ὡς

120 938 224 1000 ταῦτα
250 932 429 1019 ἐργάσατο,
455 937 489 1000 οί
507 936 621 1011 παῖδες
640 930 904 1019 ἀναγκαζόμενοι
925 932 1130 1020 ἀπέταμνον.

120 1030 316 1115 Πανιώνιον
330 1036 392 1119 μέν
402 1059 468 1100 νυν
486 1031 575 1100 οὕτω
589 1039 752 1119 περιῆλθε
765 1031 788 1120 ῆ
802 1060 838 1101 τε
851 1041 934 1113 τίσις
950 1037 1005 1102 καλ
1020 1033 1038 1101 ὁ
1051 1032 1131 1119 Ἑρ-

121 1128 268 1218 μότιμος.

56 1242 103 1296 107
205 1233 383 1308 ΞΕΡΞΗΣ
403 1232 439 1299 δὲ
462 1229 505 1310 ὡς
522 1230 602 1310 τούς
624 1236 745 1309 παῖδας
765 1229 950 1319 Ἀρτεμισίη
970 1234 1133 1318 ἐπέτρεψε

121 1325 266 1414 ἀπάγειν
286 1331 319 1407 ἐς
332 1328 492 1416 Ἔφεσον,
516 1331 657 1408 καλέσας
672 1329 874 1412 Μαρδόνιον
896 1331 1050 1397 ἐκέλευσέ
1070 1355 1132 1414 μιν

120 1434 179 1514 τῆς
193 1434 347 1515 στρατιῆς
363 1432 529 1514 διαλέγειν
542 1425 622 1507 τούς
636 1429 811 1515 βούλεται,
833 1429 889 1494 καὶ
904 1429 1029 1495 ποιέειν
1044 1441 1134 1493 τοῖσι

121 1525 251 1613 λόγοισι
265 1526 305 1595 τά
318 1534 399 1615 ἔργα
408 1525 740 1614 πειρεόμευουὸμοία.
759 1524 886 1612 ταύτην
896 1525 958 1612 μὲν
970 1521 1032 1610 τῆν
1045 1522 1132 1611 ῆμὲ-

123 1652 188 1712 ρην
203 1628 236 1704 ές
252 1632 392 1693 τοσοῦτο
411 1629 555 1712 ἐγίνετο,
570 1631 628 1712 τῆς
643 1625 679 1694 δὲ
692 1621 817 1703 νυκτός
830 1623 1051 1701 κελεύσαντος
1066 1630 1135 1709 βα-

121 1725 231 1804 σιλέος
248 1723 308 1804 κάς
329 1724 408 1803 νέας
429 1730 463 1793 οί
482 1729 658 1811 στρατηγοί
679 1728 715 1793 ἐκ
735 1731 797 1792 τοῦ
819 1723 979 1810 Φαλήρου
998 1719 1135 1807 ἀπῆγον

122 1821 227 1892 ὀπίσω
242 1828 275 1903 ἐς
290 1819 351 1891 τόν
359 1821 615 1910 Ἑλλήσποντον,
633 1820 677 1900 ὡς
688 1824 802 1908 τάχεος
814 1819 878 1907 εἶχε
891 1824 1037 1904 ἕκαστος,
1056 1825 1135 1886 δια·

66 1991 76 2001 ,
122 1923 336 2008 φυλαξούσας
348 1920 406 2000 τὰς
417 1926 547 2008 σχεδίας
557 1929 770 2009 πορευθῆναι
781 1920 919 2009 βασιλέϊ.
937 1922 1007 1988 ἐπεὶ
1019 1918 1055 1986 δέ
1068 1916 1134 2003 ἀγ-

120 2029 182 2107 χοῦ
196 2014 285 2107 ἦσαν
300 2027 476 2107 Ζωστῆρος
490 2021 660 2099 πλείοντες
676 2026 710 2088 οί
721 2020 899 2107 βάρβαροι,
914 2017 1134 2086 ἀνατείνουσι

120 2117 184 2206 γάρ
199 2118 299 2207 ἀκραι
316 2122 431 2189 λεπταὶ
442 2127 499 2206 τῆς
511 2117 663 2206 ῆπείρου,
679 2116 802 2196 ταύτας
813 2117 932 2197 ἐδοξάυ
943 2141 978 2182 τε
992 2115 1071 2192 νέας
1085 2112 1135 2180 εῖ-

122 2246 178 2286 ναι
193 2221 248 2288 καλ
264 2224 412 2306 ἔφευγον
426 2221 478 2286 ἐπὶ
498 2219 634 2288 πολλόν.
657 2216 768 2308 χρόνῳ
783 2218 818 2284 δὲ
834 2217 1003 2302 μαθόντες
1019 2212 1072 2281 ὅτι
1090 2210 1133 2279 ού

55 2331 106 2386 108
121 2317 196 2396 νέες
211 2317 294 2403 εἷεν,
310 2315 386 2386 ἀλλ’
400 2316 516 2403 ἀκραι,
533 2317 774 2403 συλλεχθέντες
789 2318 988 2401 ἐκομίζοντο.
1020 2311 1081 2390 Ὡς
1097 2313 1135 2379 δὲ

120 2414 228 2504 ῆμέρη
243 2417 386 2504 ἐγένετο,
402 2415 557 2502 ὁρέοντες
568 2423 602 2486 οί
611 2415 770 2503 Ἕλληνες
784 2412 867 2483 κατά
881 2415 995 2500 χώρην
1006 2414 1135 2498 μένον-

121 2544 162 2584 τα
174 2514 235 2584 τδν
246 2515 390 2605 στρατὸν
400 2515 462 2585 τδν
473 2515 573 2598 πεζόν
583 2515 722 2604 ῆλπιζου
732 2518 787 2584 καὶ
799 2513 857 2593 τάς
867 2516 947 2591 νέας
959 2511 1136 2596 εἶναιπερὶ

124 2615 299 2701 Φάληρον,
316 2616 453 2684 ἐδόκεόν
467 2642 503 2683 τε
517 2617 745 2704 ναυμαχήσειν
761 2614 882 2700 σφέας,
898 2610 1134 2694 παραρτέοντό

122 2738 158 2779 τε
179 2709 222 2790 ὡς
239 2710 487 2802 ἀλεξησόμενοι.
518 2719 588 2786 ἐπεὶ
609 2717 645 2786 δέ
666 2717 837 2787 ἐπύθοντο
855 2711 914 2792 τάς
935 2712 1014 2790 νέας
1031 2718 1134 2798 οἰχω-

122 2816 229 2896 κυίας,
240 2809 358 2880 αὐτίκα
368 2811 450 2899 μετά
461 2822 566 2882 ταῦτα
578 2813 691 2883 ἐδόκεε
702 2812 902 2883 ἐπιδιώκειν.
918 2808 979 2878 τόν
990 2810 1053 2895 μέν
1065 2837 1135 2876 νυν

122 2904 284 2976 ναυτικόν
304 2907 365 2977 τδν
384 2912 514 2999 Ξέρξεω
542 2910 684 2999 στρατόν
706 2909 769 2980 ούκ
791 2913 924 2978 ἐπεῖδον
952 2909 1135 2989 διώξαντες

54 3093 58 3101 .
119 3007 215 3095 μέχρι
224 3005 380 3097 Ἄνδρου,
398 3015 430 3090 ἐς
442 3014 477 3081 δέ
489 3011 704 3100 τῆν”Ανδρον
715 3009 914 3097 ἀπικόμενοι
926 3002 1138 3097 ἐβουλεύονέ

119 3133 165 3174 το.
191 3109 433 3197 Θεμιστοκλέης
450 3110 514 3196 μέν
527 3138 594 3179 νυν
608 3112 748 3197 γνώμην
760 3107 979 3178 ἀπεδείκνυτο
995 3104 1051 3174 διά
1067 3105 1134 3193 νῆ-

120 3226 190 3274 σων
216 3209 447 3295 τραπομένους
472 3215 526 3279 καὶ
552 3211 789 3290 ἐπιδιώξαντας
814 3207 873 3288 τάς
900 3210 979 3287 νέας
1003 3207 1134 3276 πλώειν

117 3306 220 3386 ἰθέως
235 3311 287 3376 ἐπί
301 3306 362 3377 τδυ
370 3306 619 3395 Ἑλλήσποντον
629 3310 795 3387 λύσοντας
808 3306 868 3388 τάς
879 3308 1040 3395 γεφύρας.
1056 3305 1132 3374 Εύ-

107 3405 280 3494 θυβιύδης
290 3403 329 3476 δέ
340 3404 404 3496 τῆν
416 3411 574 3497 ἐναντίην
585 3409 690 3498 ταύτη
700 3407 841 3495 γνώμην
853 3409 992 3490 ἐτίθετο,
1006 3402 1131 3490 λέγων,
