2378 3840
210 269 213 277 Ι
325 197 410 278 mn,
441 198 477 254 v.
509 197 608 255 σοι).
640 204 829 260 οπο-ιι.
1035 193 1076 264 λι

72 355 299 443 συμβόλαιον,
315 353 352 434 ὃς
369 363 477 445 νεκρῷ
494 356 596 443 ἐούσῃ
607 363 760 446 Μελίσση
775 360 903 446 ἐμίγη),
921 365 1021 439 ίθέως
1036 360 1076 450 δή

72 452 154 542 μετά
174 451 233 540 τὴν
248 453 406 540 ἀγγελίην
420 453 576 540 κήρυγμα
591 455 767 541 ἐποιήσατο
781 458 814 534 ἐς
828 454 864 524 τό
876 455 1014 546 Ἡραῖον
1025 461 1077 538 ἐξ-

71 559 159 622 ιέναι
173 552 281 630 πάσας
300 550 358 628 τάς
372 558 570 633 Κορινθίων
590 567 760 637 γυναῖκας.
790 558 827 623 αί
843 553 905 640 μὲν
920 553 961 641 δή
983 552 1027 633 ὡς
1044 558 1076 633 ές

63 647 176 736 όρτην
192 646 290 734 ήισαν
312 648 426 738 κόσμφ
449 655 495 739 τῷ
512 657 674 741 καλλίστῳ
691 650 882 740 χρεόμεναι,
905 651 972 722 ὁδ’
989 651 1075 721 ὑπο-

71 748 195 834 στήσας
211 746 290 825 τούς
312 746 525 833 δορυφόρους
545 745 693 817 άπέθυσέ
705 768 808 836 σφεας
821 752 928 830 πάσας
942 749 1073 838 ὁμοίως,

71 847 130 925 τάς
146 843 177 912 τ’
194 848 374 932 ἐλευθέρας
385 848 440 913 καὶ
451 843 509 924 τάς
519 843 749 934 ἀμφιπόλους,
765 849 983 937 συμφορήσας
993 848 1029 916 δὲ
1042 851 1074 927 ές

71 947 365 1034 όρνγμαΜελίσση
374 944 594 1030 ἐπευχόμενος
605 948 766 1014 κατέκαιε.
779 955 882 1015 ταῦτα
893 947 1074 1034 θὲοίποιή·

71 1068 167 1115 σαντι
189 1045 243 1113 καὶ
258 1041 295 1112 τό
316 1045 476 1129 δεύτερον
493 1048 660 1131 πέμψαντι
675 1053 800 1132 ἔφρασε
820 1046 857 1114 τὸ
875 1053 1015 1117 είόωλον
1035 1045 1071 1115 τό

75 1152 244 1230 Μελίσσης
259 1147 292 1222 ἐς
306 1141 367 1212 τὸν
380 1148 546 1231 κατέθηκε
559 1151 669 1231 χῶρον
688 1153 749 1214 τοῦ
765 1151 875 1226 ξείνου
889 1144 951 1234 τήν
965 1173 1073 1231 παρα-

70 1246 276 1332 καταθήκην.
325 1251 464 1312 Τοιοῦτο
480 1245 541 1331 μέν
556 1245 624 1311 ἐστι
638 1241 753 1332 ὑμῑνή
770 1251 943 1332 τυραννίς,
961 1239 987 1313 ά
1002 1255 1072 1314 Λα-
1090 1283 1094 1288 ·

70 1343 296 1429 κεδαιμόνιοι,
313 1344 367 1410 καὶ
382 1343 545 1410 τοιούτων
556 1348 673 1428 ἔργων.
696 1339 800 1429 ἡμέας
811 1341 935 1421 ὂέτούς
946 1351 1072 1430 Κοριν-

72 1450 170 1519 θίους
184 1440 223 1508 τό
237 1467 273 1507 τε
287 1438 405 1508 αὐτίκα
430 1443 532 1527 θαῖμα
557 1442 641 1527 μέγα
656 1439 736 1526 εἶχε,
752 1439 807 1508 ὅτε
821 1439 924 1527 ὑμέας
940 1446 1072 1528 είόομεν

72 1541 386 1627 μεταπεμπομένους
395 1536 542 1625 Ἱππίην,
558 1545 623 1605 νῦν
638 1564 673 1606 τε
688 1536 728 1625 δή
744 1542 799 1607 καὶ
818 1539 963 1624 μεζόνως
998 1551 1071 1608 θω-

71 1634 217 1721 μάζομεν
234 1637 390 1721 λέγοντας
404 1643 524 1722 ταῦτα,
540 1637 836 1724 ἐπιμαρτυρόμεθά
849 1666 884 1707 τε
899 1637 1072 1707 ἐπικαλεό-

71 1759 165 1821 μενοι
186 1730 267 1820 ὑμῑν
287 1731 391 1813 θεοὺς
407 1731 487 1812 τούς
502 1732 708 1820 Ἑλληνίους,
736 1733 781 1822 μή
804 1737 997 1804 κατιστάναι
1012 1761 1072 1801 τυ-

73 1837 231 1918 ραννίδας
250 1835 283 1912 ἐς
300 1830 358 1912 τάς
372 1833 477 1912 πόλις.
501 1830 564 1900 οάκ
580 1825 629 1899 οἷν
642 1833 831 1919 παύσεσθε,
854 1831 937 1903 άλλά
955 1859 1072 1920 πειρη-

70 1946 172 2004 σεσθε
193 1932 284 2020 παρὰ
303 1931 341 2002 τό
361 1938 493 2002 δίκαιον
514 1933 714 2020 κατάγοντες
728 1931 874 2020 Ἱππίην;
900 1943 968 2000 ίστε
992 1931 1072 2018 ὑμῖν

73 2043 277 2121 Κορινθίους
292 2061 331 2122 γε
346 2033 387 2103 οό
400 2038 645 2113 συναινέοντας.

155 2132 346 2218 Σωσικλέης
356 2127 454 2217 μέν’
433 2155 498 2196 απο
487 2127 688 2215 Κορίνθου
705 2125 982 2214 πρεσβεύωνξ
914 2133 982 2207 ἔλεξ
986 2129 1072 2196 ετά-
1087 2136 1120 2191 93

68 2241 123 2322 σε,
142 2230 269 2317 Ἱππίης
291 2228 383 2298 δέ’
341 2227 447 2297 αυτόν
467 2226 618 2316 άμείβετο
639 2253 718 2305 τους
735 2223 858 2304 αὐτους
878 2228 1071 2306 ἐπικαλέσας

68 2329 174 2409 θεοὺς
189 2332 314 2419 ἐκείνω,
327 2356 348 2416 η
336 2320 425 2415 μὲν
433 2330 638 2413 Κορινθίους
651 2322 792 2409 μάλιστα
805 2321 941 2391 πάντων
954 2327 1071 2392 έπιπο-
1168 2388 1178 2399 ,

67 2426 192 2516 θήσειν
205 2422 539 2514 Πεισιστρατίδας,’
518 2449 600 2490 οταν
620 2441 681 2507 σφι
697 2418 803 2506 ἥκωσι
819 2416 939 2507 ἡμέραι
959 2425 995 2490 αί
1008 2421 1070 2489 κό-

67 2553 138 2614 ριαι
150 2521 341 2592 άνιάσθαι“
323 2548 371 2591 νπ
377 2520 592 2608 ’Ἀθηναίων
609 2517 781 2602 Ἱππίης
746 2518 966 2603 μεντοότοισι
977 2515 1070 2604 άμεί-

67 2639 154 2705 φατο
169 2617 225 2690 οἷά
239 2647 275 2688 τε
294 2616 372 2698 τούς
392 2614 561 2705 χρησμους
581 2612 799 2701 ἀτρεκέστατα
813 2610 948 2697 άνθρων
963 2616 1070 2694 ἐξεπι-

66 2722 244 2809 στάμενος·
259 2722 324 2788 oco
304 2717 340 2786 δὲ
355 2717 464 2785 λοιποί
478 2722 547 2783 τῶν
564 2712 746 2800 συμμάχων
760 2713 839 2789 τέως
853 2713 915 2830 μὲν
930 2709 1049 2797 εἴχετ’
1033 2739 1068 2779 εν

66 2820 187 2911 ἡσυχίη
201 2813 357 2903 σφέας’
316 2813 456 2894 αυτούς,
482 2814 555 2880 ἐπεί
540 2816 589 2880 ίτε
605 2812 641 2880 δὲ
653 2809 868 2889 Σωσικλέος’
855 2808 1006 2896 ηκουσαν
1022 2819 1069 2878 εί-

65 2942 191 2995 παντος
205 2918 235 2982 ἐλ
221 2911 439 3000 λενθέρως,”
417 2938 503 2991 απας
514 2937 563 2991 τις
576 2909 689 2978 αὐτῶν
701 2907 821 2996 φωνήν
831 2911 977 2997 ῥήξας
941 2911 1067 2996 αιρεέτο

64 3041 127 3083 του
112 3010 374 3092 Κορινθίου
338 3039 401 3099 την
411 3010 560 3098 γνώμην,
573 3014 869 3095 Λακεδαιμονίοισί
878 3033 913 3075 τε
925 3011 1068 3093 ἐπεμαρ·

65 3119 209 3198 τείροντο
220 3138 265 3198 μη
253 3109 403 3179 ποιέειν
413 3111 519 3197 μηδὲν
535 3108 701 3190 νειότερον
718 3108 794 3192 περὶ
807 3103 907 3173 πόλιν
917 3103 1065 3174 Ελλάθα.

65 3207 156 3278 οὕτω
171 3206 234 3293 μὲν
246 3214 350 3275 ταῦτα
365 3207 515 3292 ἐπαόθη,
528 3205 636 3294 Ἱππίη
652 3208 688 3273 δὲ
703 3207 863 3272 ἐνθεῦτεν
880 3199 1068 3272 άπελαυνο-
1082 3203 1116 3256 94

65 3309 156 3394 μένφ
169 3308 282 3373 ἐδίδου
292 3306 354 3390 μὲν
365 3301 527 3392 Ἀμόντης
538 3302 556 3372 ὁ
568 3301 739 3371 Μακεδὼν
750 3299 989 3387 Ἀνθεμοῦντα,
1001 3302 1069 3369 &dc-

67 3406 172 3470 δόσαν
187 3401 224 3469 δέ
239 3406 402 3470 Θεσσαλοί
420 3399 561 3471 Ἰωλκόν.
593 3399 663 3470 ὁδε
678 3401 807 3470 τούτων
828 3401 890 3488 μέν
911 3395 1067 3481 οὐδέτερα

1102 3566 1132 3620 Ι
