2378 3840
131 157 194 221 280
507 148 762 218 HERovoTl'

132 326 247 389 στεῦται
268 326 363 406 σφίσι
382 319 559 407 γενόμενοι
580 315 806 404 ἐπεβούλευον
822 316 976 384 θάνατον
993 296 1152 399 Σπράττί
1183 374 1187 407 Ι,

133 423 178 508 τῷ
192 422 278 485 Χίου
292 416 467 508 τυράννῳ,
489 414 600 492 ἐόντες
615 411 721 499 άρχήν
736 413 834 482 ἐπτά·
864 411 1142 500 ἐπιβουλεύοντες

133 516 170 583 δὲ
193 513 236 594 ὡς
260 511 401 603 φανεροί
426 517 579 600 ἐγένοντο
604 515 827 592 ἐξενείκαντος
849 510 911 599 τήν
936 517 1142 599 ἐπιχείρησιν

135 611 293 692 ἑνδςτῦυ
306 612 528 698 μετεχόντων,
550 609 639 678 οὕτω
654 608 695 696 δή
716 616 750 679 οί
762 616 872 681 λοιποὶ
892 615 926 693 ἓξ
946 612 1060 690 ἐόντες
1076 608 1143 678 ῦπ-

20 788 22 791 .
136 713 267 796 εξέσχον
282 712 319 778 ἐκ
332 717 390 797 τῆς
406 719 509 794 Χίου,
525 711 580 777 καὶ
591 712 624 788 ἐς
635 710 797 798 Σπάρτην
807 737 843 779 τε
857 709 1017 780 ἀπίκοντο
1032 713 1091 778 καὶ
1103 706 1141 798 δή

135 814 189 878 καί
203 810 277 878 τότε
294 813 327 889 ἐς
346 808 408 897 τήν
422 819 584 897 Αίγιναν,
604 809 851 898 τῶνἙλλήνων
865 810 1021 896 δεόμενοι
1037 837 1143 878 κατα-

134 916 263 978 πλῶσαι
275 913 308 989 ἐς
319 908 380 997 τήν
392 908 536 996 Ἰωνίην·
554 916 588 976 οἳ
596 910 792 997 προήγαγον
803 907 926 989 αύτούς
937 909 1036 995 μόγις
1046 913 1142 996 μέχρι

135 1013 262 1100 Δήλου.
286 1011 323 1079 τὸ
339 1009 405 1099 γάρ
420 1015 621 1100 προσωτέρω
636 1017 705 1078 πᾶν
720 1010 835 1080 δεινόν
850 1003 895 1098 ἦν
911 1026 997 1079 τοῖσι
1004 1008 1143 1096 Ἕλλησι

135 1109 214 1180 οῦτε
233 1116 301 1178 τῦν
320 1109 441 1196 χύρων
464 1112 556 1178 ἐοῦσι
577 1112 778 1196 ἐμπείροισι,
803 1116 956 1194 στρατιῆς
975 1131 1011 1176 τε
1031 1106 1143 1174 πάντα

118 1276 124 1288 ,,
136 1214 219 1278 πλέα
227 1209 339 1277 ἐδόκεε
347 1207 447 1276 εἶναι·
462 1206 524 1294 τήν
531 1209 567 1276 δέ
573 1208 694 1294 Σάμον
704 1204 879 1293 ἠπιστέατο
890 1206 969 1295 δόξη
977 1204 1142 1290 καλἩρα-

136 1308 234 1386 κλέας
254 1307 375 1394 στήλας
391 1316 466 1375 ἴσον
481 1302 624 1391 άπέχειν.
659 1310 838 1373 συνέπιπτε
853 1303 889 1372 δὲ
909 1309 1042 1372 τοιοῦτο
1059 1301 1143 1371 ὥστε

136 1400 215 1482 τούς
226 1407 288 1490 μέν
298 1404 492 1492 βαρβάρους
501 1400 539 1470 τό
552 1400 637 1490 κρδς
648 1404 786 1489 ἑσπέρης
795 1399 952 1487 άνωτίρω
962 1402 1089 1487 Σάμου
1100 1399 1141 1488 μή

136 1507 263 1588 τολμᾶν
277 1507 491 1570 καταπλεῦσαι
508 1500 822 1588 καταρρωδηκότας,
840 1498 919 1578 τοῦς
933 1501 968 1567 δὲ
980 1498 1143 1586 Ἕλληνας

136 1600 339 1688 χρηίζόντων
349 1607 442 1669 Χίων
457 1599 493 1668 τό
506 1599 590 1689 πρός
605 1599 667 1688 τήν
679 1597 729 1688 ήῦ
743 1602 917 1687 κατωτέρω
931 1600 1061 1686 Δήλου.
1085 1597 1143 1668 ού·

72 1713 121 1770 133
137 1724 184 1766 τω
199 1701 272 1777 δέος
287 1697 325 1767 τό
337 1703 440 1784 μέσον
458 1699 629 1785 ἐφύλασσέ
639 1720 763 1785 σφεων.
795 1702 839 1766 Oi
851 1699 913 1784 μέν
929 1694 969 1783 δή
984 1694 1142 1783 Ἕλληνες

138 1803 270 1867 ἔπλωον
282 1800 314 1876 ἐς
324 1795 386 1884 τήν
396 1805 523 1883 Δῆλον,
537 1797 736 1882 Μαρδόνιος
749 1796 785 1863 δὲ
795 1797 871 1880 περὶ
881 1793 943 1880 τήν
954 1799 1142 1880 Θεσσαλίην

139 1899 291 1983 ἐχείμαζε.
319 1899 480 1964 ἐνθεῦτεν
495 1897 531 1963 δέ
549 1891 753 1981 δρμεόμενος
768 1899 892 1979 ἔπεμπε
908 1890 991 1961 κατά
1006 1891 1048 1960 τά
1064 1919 1144 1980 χρη·

139 1995 257 2081 στήρια
272 1992 380 2079 ἄνδρα
396 1992 562 2083 Εὐρωπέα
578 1996 692 2081 γένος,
706 2002 752 2084 τῷ
768 1993 897 2081 οῦνομα
910 1987 955 2081 ἦν
968 2002 1068 2080 Μῦς,
1091 1999 1145 2063 ἐν·

138 2092 332 2178 τειλάμενος
345 2101 495 2181 πανταχῇ
511 2120 570 2179 μιν
583 2094 793 2180 χρησόμενον
808 2095 936 2179 ἐλθεῖν,
954 2101 1023 2161 τῶν
1039 2091 1098 2161 οἷά
1111 2119 1144 2160 τε

137 2183 182 2278 ήν
197 2209 257 2275 σφι
272 2188 572 2281 ἀποπειρήσασθαι.
603 2183 623 2260 ό
636 2220 668 2260 τι
682 2196 744 2279 μὲν
758 2193 965 2281 βουλόμενος
982 2196 1145 2280 ἐκμαθεῖν

138 2289 223 2379 πρὸς
232 2298 301 2359 τῶν
310 2300 519 2381 χρηστηρίων
527 2299 631 2361 ταῦτα
642 2296 838 2380 ἐνετέλλετο,
849 2292 911 2361 οῦκ
923 2300 985 2380 ἔχω
998 2294 1145 2381 φράσαι·

139 2387 182 2459 ού
196 2388 261 2477 γὰρ
275 2385 324 2458 όν
335 2394 480 2476 λέγεται·
503 2394 609 2460 δοκέω
621 2389 653 2459 δ’
667 2396 771 2477 ἐγωγε
781 2395 857 2479 περὶ
867 2398 936 2458 τῶν
947 2391 1146 2478 παρεόντων

72 2501 124 2558 134
138 2488 343 2579 πρηγμάτων
354 2489 483 2560 καὶούκ
497 2489 609 2560 άλλων
620 2493 696 2578 πέρι
706 2495 842 2578 πέμψαι.
866 2483 1003 2569 Ούτοςὸ
1019 2498 1102 2570 Μῦς
1114 2497 1146 2569 ές

138 2619 175 2662 τε
184 2592 372 2680 Λεβάδειαν
383 2598 537 2676 φαίνεται
547 2591 750 2677 ἀπικόμενος
761 2595 816 2658 καί
827 2597 939 2680 μισθῷ
950 2595 1067 2668 πείσας
1078 2598 1147 2658 τῶν

140 2696 325 2778 ἐπιχωρίων
346 2690 455 2779 ἄνδρα
477 2699 661 2780 καταβῆναι
683 2687 773 2775 παρά
797 2688 1014 2776 Τροφώνιον,
1037 2691 1095 2756 καλ
1115 2692 1148 2768 ἐς

144 2787 243 2878 Ἀβας
253 2786 312 2867 τάς
323 2791 469 2857 Φωκέων
480 2787 682 2876 άπικόμενος
692 2787 792 2858 ἐπὶτὸ
803 2787 1013 2876 χρηστήριον.
1036 2790 1094 2856 καί
1105 2785 1146 2872 δή

140 2890 196 2957 καὶ
211 2890 244 2965 ἐς
259 2886 372 2974 Θήβας
386 2895 501 2972 πρῶτα
516 2886 560 2968 ός
574 2886 727 2971 άπίκετο,
742 2894 840 2956 τοῦτο
856 2889 916 2973 μέν
932 2894 977 2977 τῷ
993 2885 1148 2977 Ἰσμηνίφ

135 2982 320 3054 Ἀπόλλωνι
332 2986 490 3074 ἐχρήσατο
509 2994 583 3056 ’ἐστι
594 2987 642 3074 δὲ,
658 2986 805 3077 κατάπερ
819 2990 855 3055 ἐν
864 2984 1035 3074 Ὀλυμπίη,
1045 2991 1148 3074 ίροίσι

139 3083 264 3152 αὐτόθι
282 3087 613 3172 χρηστηριάζεσθαί,
634 3088 785 3154 τοῦτοδὲ
803 3084 913 3164 ξεῖνόν
935 3111 1010 3151 τινα
1027 3088 1085 3153 καὶ
1107 3083 1148 3152 ού

141 3191 291 3269 Θηβαίου
301 3182 445 3269 χρήμασι
456 3188 571 3262 πείσας
582 3190 799 3270 κατεκοίμησε
810 3185 843 3262 ἐς
854 3179 1054 3268 Ἀμφιάρεω.
1078 3192 1148 3268 Θη-

140 3287 246 3368 βαίων
265 3284 301 3347 δὲ
322 3279 436 3350 οὐδενὶ
459 3286 563 3362 ἐξεστι
587 3283 814 3368 μαντεύεσθαι
834 3278 956 3349 αότόθι
979 3278 1035 3347 διὰ
1053 3281 1147 3349 τόδε·

140 3383 296 3450 έκέλευσέ
301 3399 405 3466 σφεας
416 3378 433 3448 ὁ
448 3379 654 3470 Ἀμφιάρεως
666 3378 722 3449 διὰ
729 3384 937 3468 χρηστηρίων
948 3375 1150 3463 ποιεύμενος
