2378 3840
309 199 395 255 LIB.
427 198 499 254 VIII.
532 198 631 256 GAP.
663 203 803 258 89-93.
997 197 1058 258 261

56 360 113 425 καὶ
131 357 357 444 προσεβάλετο
377 362 475 443 φίλος
494 353 559 422 ἐάν
582 353 802 443 Ἀριαράμνης
823 352 908 443 ἀνὴρ
929 360 1059 444 Πέρσης

10 487 13 527 ε
57 456 192 541 παρεόν
206 455 328 524 τούτου
342 461 404 522 τού
419 460 616 540 Φοινικηίου
632 455 768 534 πάθεος.

10 588 17 626 ;
142 557 187 621 Ολ
197 555 259 639 μέν
275 551 315 639 δὴ
340 550 424 636 πρός
442 549 521 630 τούς
535 557 694 631 Φοίνικας
714 553 913 640 ἐτράποντο,
934 563 1002 622 τῶν
1020 556 1055 623 δέ
1072 577 1104 630 91

57 649 238 738 βαρβάρων
255 654 288 728 ές
303 647 418 736 φυγὴν
436 651 656 735 τραπομένων
670 653 725 718 καλ
742 653 962 721 έκπλωόντων
975 652 1059 737 πρὸς

56 746 93 814 τδ
111 746 271 831 Φάληρον
285 752 461 832 Αἰγινῆται
482 743 688 824 ὑποστάντες
702 749 740 814 ἐν
759 755 805 836 τῷ
819 756 963 840 πορθμῷ
978 756 1058 836 ἔργα

10 862 15 881 ¹
57 844 257 925 ἀπεδέξαντο
273 845 377 930 λόγου
392 843 476 924 άξια
500 848 535 912 ολ
546 844 608 930 μὲν
623 841 688 929 γάρ
699 841 872 932 Ἀθηναῖοι
886 849 923 914 ἐν
936 854 982 937 τῷ
993 857 1058 914 θο-

57 943 151 1034 ρύβῳ
165 943 334 1030 ἐκεράιζον
350 945 409 1021 τάς
422 968 458 1010 τε
471 940 709 1029 ἀντισταμένας
725 941 852 1023 καὶτὰς
867 944 1058 1030 φευγούσας

13 1080 16 1120 ;
56 1049 124 1108 τῶν
134 1049 232 1126 νεῶν,
245 1046 279 1109 ολ
288 1043 324 1109 δέ
330 1047 505 1126 Αἰγινῆται
516 1038 574 1119 τάς
585 1039 813 1120 ἐκπλωούσας·
827 1039 913 1120 ὅκως
925 1044 963 1108 δέ
971 1066 1058 1117 τινες

57 1137 135 1216 τοὺς
157 1136 357 1224 Ἀθηναίους
378 1138 592 1224 διαφύγοιεν,
623 1138 805 1224 φερόμενοι
825 1141 1000 1206 ἐσέπιπτον
1025 1141 1057 1214 ές

60 1235 135 1316 τούς
149 1237 337 1325 Αἰγινήτας.
367 1235 532 1305 Ἐνθαύτα
553 1238 759 1324 συνεκύρεον
774 1242 847 1319 νέες
863 1237 887 1327 ἥ
905 1266 941 1307 τε
953 1249 1056 1325 Θεμι-
1070 1255 1104 1308 9ν

10 1375 15 1413 2
57 1337 210 1414 στοκλέος
221 1335 390 1404 διάκουσα
400 1340 475 1421 νέα,
488 1335 797 1423 καλὴΠολυιιρίτου
808 1346 984 1425 τούΚρίου
994 1335 1057 1406 άν-

10 1476 14 1509 :
57 1433 135 1519 δρός
148 1436 335 1523 Αἰγινήτεω
349 1441 408 1523 νηῒ
418 1439 607 1524 ἐμβαλοῦσα
621 1441 788 1526 Σιδωνίῃ,
811 1433 895 1526 ἥπερ
915 1436 981 1508 εἷλε
994 1436 1057 1522 τὴν

10 1577 12 1608 ÷
56 1535 364 1622 προφυλάσσουσαν
388 1537 441 1603 ἐπὶ
464 1535 609 1627 Σκιάθῳ
633 1533 695 1622 τὴν
717 1542 913 1624 Αἰγιναίην,
939 1534 990 1606 ἐπ’
1017 1530 1057 1625 ἧς

56 1643 161 1704 έπλωε
177 1638 314 1722 Πυθέης
329 1633 347 1701 ὁ
362 1632 544 1721 Ἰσχενόου,
564 1634 625 1702 τόν
639 1639 672 1703 ολ
683 1637 810 1721 Πέρσαι
828 1641 1055 1705 κατακοπέντα

55 1732 174 1821 άρετης
194 1736 323 1800 εἵνεκεν
344 1730 432 1816 εἶχον
447 1734 484 1799 έν
500 1739 540 1819 τῇ
561 1739 620 1819 νηλ
638 1732 905 1819 ἐκπαγλεόμενοι.
939 1731 1000 1801 τὸν
1014 1732 1054 1818 δη

55 1830 260 1919 περιάγουσα
272 1828 340 1915 ἅμα
350 1841 435 1896 τολσι
444 1831 592 1918 Πέρσησι
603 1827 674 1917 ἥλω
683 1829 797 1917 νηῦςὴ
810 1836 958 1915 Σιδωνίη
972 1829 1055 1899 ὥστε

52 1932 195 2015 Πυθέην
206 1927 294 1995 οὕτω
305 1933 459 2013 σωθῆναι
475 1928 508 2006 ές
518 1936 672 2014 Αίγιναν.
698 1925 741 2008 ὡς
752 1929 789 1996 δέ
803 1932 908 1998 έσεῖδε
923 1927 986 2015 τὴν
996 1935 1055 1996 νέα

52 2024 115 2112 τήν
132 2024 282 2114 Ἀττικὴν
297 2023 316 2094 ό
332 2027 558 2113 Πολύκριτος,
579 2034 666 2115 έγνω
679 2027 717 2097 τό
738 2029 881 2116 σημήϊον
900 2029 983 2099 ίδοδν
997 2037 1055 2117 τῆς

53 2130 286 2212 στρατηγίδος,
301 2127 357 2193 καὶ
372 2124 486 2212 βάσας
499 2123 559 2193 τόν
576 2130 798 2214 Θεμιστοκλέα
814 2127 1054 2216 ἐπεκερτόμησε

51 2229 85 2302 ἐς
101 2232 169 2292 τῶν
184 2223 392 2310 Αἰγινητέων
406 2221 468 2291 τόν
479 2223 647 2311 μηδισμὸν
661 2223 840 2306 ὀνειδίζων.
871 2233 975 2294 ταῦτα
992 2228 1054 2312 μέν

51 2319 1052 2410 ννννηλέμβαλάνὁΠολύκριτοςάπέρριψεἐςΘεμιστοκλέα,

51 2425 87 2487 οἱ
105 2420 142 2485 δέ
156 2417 337 2505 βάρβαροι,
358 2425 427 2485 τῶν
446 2422 483 2486 αί
500 2418 574 2498 νέες
595 2419 846 2507 περιεγένοντο,
870 2421 1054 2506 φεύγοντες

52 2514 212 2582 άπίκοντο
227 2516 260 2592 ἐς
271 2514 431 2600 Φάληρον
444 2513 511 2582 ὑπὸ
528 2513 588 2583 τόν
602 2514 703 2598 πεζόν
719 2517 872 2602 στρατόν.
891 2517 945 2587 Ἑν
960 2521 995 2585 δέ
1012 2526 1050 2605 τῇ
1066 2535 1100 2588 9³

50 2618 217 2701 ναυμαχίη
227 2613 331 2699 ταύτῃ
340 2611 491 2700 ἥκουσαν
499 2613 668 2702 Ἑλλήνων
680 2616 797 2705 ἄριστα
803 2625 989 2706 Αἰγινῆται,
1002 2623 1054 2690 ἐπὶ

51 2713 89 2778 δὲ
100 2708 287 2795 Ἀθηναῖοι,
306 2709 441 2796 ἀνδρῶν
457 2714 493 2781 δὲ
503 2714 713 2801 Πολύκριτός
723 2741 759 2784 τε
773 2712 983 2806 ὁΑίγινήτης
997 2721 1052 2785 καὶ

47 2810 218 2894 Ἀθηναῖοι
228 2804 382 2894 Εὐμένης
395 2835 430 2878 τε
442 2809 459 2878 ὁ
471 2809 710 2898 Ἀναγυράσιος
719 2815 774 2881 καλ
785 2810 948 2902 Ἀμεινίης
957 2824 1051 2884 Παλ-

49 2906 188 2991 ληνεύς,
203 2901 240 2983 ὃς
254 2908 309 2973 καὶ
322 2903 529 2995 Ἀρτεμισίην
544 2911 706 2990 ἐπεδίωξε.
731 2918 761 2981 εί
773 2912 836 2998 μέν
851 2941 917 2983 νυν
934 2921 1049 3003 ἔμαθε,

50 3005 102 3074 ὅτι
118 3007 154 3071 ἐν
168 3005 272 3093 ταύτη
291 3004 398 3074 πλόοι
417 3004 618 3095 Ἀρτεμισίη,
643 3006 706 3077 ούιι
721 3004 765 3076 άν
782 3011 949 3079 ἐπαύσατο
965 3010 1051 3094 πρό-

49 3126 148 3184 τερον
160 3097 183 3186 ἢ
198 3099 263 3172 εἷλέ
277 3130 336 3190 μιν
350 3100 373 3191 ἢ
393 3109 449 3174 καλ
462 3104 563 3184 αότός
575 3105 655 3193 ἥλω.
684 3121 770 3176 τοῖσι
784 3106 849 3195 γάρ
861 3108 1050 3197 Ἀθηναίων

50 3200 276 3286 τριηράρχοισι
287 3206 580 3289 παρεκεκέλευστο,
595 3201 679 3288 πρὸς
691 3207 727 3272 δέ
738 3209 793 3273 καλ
803 3205 930 3275 άεθλον
940 3209 1049 3277 ἐκὲετο

20 3311 30 3323 “
48 3299 165 3385 μύριαι
177 3302 328 3384 δραχμαὶ,
343 3299 381 3379 ὃς
391 3300 435 3369 άν
445 3329 505 3389 μιν
516 3298 602 3387 ζωὴν
617 3305 691 3390 ἕλη·
715 3300 829 3371 δεινόν
838 3305 904 3391 γάρ
914 3331 947 3372 τι
957 3309 1050 3374 ἐποι-

48 3403 148 3464 εὖντο
162 3410 307 3483 γυναῖκα
322 3399 374 3464 έπλ
387 3397 445 3478 τὰς
456 3398 601 3487 Ἀθήνας
618 3399 869 3486 στρατεύεσθαι.
892 3402 1049 3488 αύτηρὶυ
