2378 3840
132 191 196 258 ³1⁰
506 197 759 256 HERODOTI

132 352 209 435 κτδς
223 356 444 445 προελήλατο,
460 359 515 424 καὶ
529 353 649 444 ἡσυχίη
665 354 778 423 ἐδόκεε
794 354 878 424 εἶναι
896 354 960 425 άνά
977 356 1019 425 τδι
1036 377 1143 445 στρα-

131 455 254 523 τόπεδα
269 458 324 523 καὶ
344 454 486 541 μάλιστα
503 459 537 523 οί
552 453 729 542 ἅνθρωποι
749 452 832 522 εἶναι
851 456 888 524 ἐν
905 454 1019 546 ῧπνμ,
1044 482 1142 541 τηνι-

130 558 237 619 καῦτα
260 553 468 641 προσελάσας
488 556 578 643 ἵππω
599 548 684 640 πρός
702 549 761 631 τάς
782 550 935 639 φυλακάς
957 551 1017 631 τάς
1035 551 1142 640 Ἀθη-

129 655 235 717 ναίων
256 646 470 734 Ἀλέξανδρος
491 648 508 718 ὁ
532 647 716 737 Ἀμύντεω,
742 651 924 737 στρατηγός
943 677 978 719 τε
999 648 1069 720 ἐὼν
1085 652 1141 720 καλ

129 743 287 834 βασιλεὺς
303 747 537 834 Μακεδόνων,
558 751 682 836 ἐδίζητο
698 761 784 816 τοῖσι
801 764 1012 837 στρατηγοῖσι
1031 752 1067 829 ἐς
1080 749 1141 819 λό-

129 867 211 929 γους
227 845 350 912 ἐλθεῖν.
379 852 447 913 τῶν
465 845 501 914 δὲ
523 847 688 933 φυλάκων
707 850 741 914 οί
757 849 820 933 μὲν
834 854 975 927 πλεῦνες
990 852 1141 935 παρέμε·

128 966 208 1027 νον,
224 944 259 1008 οί
270 940 301 1008 δ’
320 948 421 1011 ἔθεον
436 945 489 1012 ἐπὶ
503 943 582 1025 τούς
597 943 818 1031 στρατηγοάς,
842 946 1052 1026 ἐλθόντεςδέ
1067 953 1138 1016 έλε·

128 1064 213 1125 γον,
231 1035 274 1118 ως
291 1039 563 1131 ἄνθρωπος’ήκοι
586 1041 638 1112 ἐπ’
655 1047 761 1112 ἵππου
776 1046 813 1112 ἐκ
830 1051 891 1110 τοῦ
909 1049 1139 1132 στρατοπέδου

127 1145 189 1206 τοῦ
205 1138 347 1226 Μήδων,
366 1139 402 1219 ὃς
416 1140 497 1209 ἄλλο
512 1144 575 1229 μὲν
590 1139 691 1211 οὐδὲν
701 1154 919 1230 παραγυμνοῖ
929 1147 1018 1228 ἐπος,
1035 1161 1140 1228 στρα-

83 1245 118 1301 45
128 1237 251 1325 τηγούς
261 1241 298 1307 δὲ
310 1237 506 1326 οὐνομάζων
522 1242 653 1309 ἐθέλειν
667 1243 749 1327 φησί
760 1243 793 1318 ἐς
803 1240 927 1326 λόγους
941 1242 1067 1308 ἐλθεῖν.
1097 1244 1143 1309 Οί

129 1335 164 1404 δέ
181 1338 251 1403 ἐπεὶ
264 1342 369 1404 ταῦτα
383 1336 552 1424 ήκουσαν,
569 1335 687 1410 αὐτίκα
703 1341 837 1405 εἵποντο
848 1341 882 1417 ἐς
896 1336 955 1417 τάς
970 1338 1137 1425 φυλακάς.

128 1432 358 1521 ἀπικομένοισι
377 1439 413 1502 δέ
429 1441 520 1522 ἔλεγε
537 1432 750 1523 Ἀλέξανδρος
763 1434 860 1502 τάδε·
879 1433 1020 1524 ’Ἄνδρες
1033 1433 1137 1521 Ἀθη-

128 1547 228 1618 ναίοι,
242 1532 448 1618 παραθήκην
462 1530 543 1618 ὑμῖν
556 1531 597 1600 τά
612 1539 691 1600 ἔπεα
704 1532 785 1600 τάδε
799 1538 945 1620 τίθεμαι,
961 1531 1137 1620 ἀπόρρητα

128 1630 327 1716 ποιεόμενος
341 1629 426 1717 πρὸς
446 1633 573 1718 μηδένα
589 1633 699 1716 λέγειν
718 1627 823 1716 ὑμέας
838 1628 941 1699 ἄλλον
955 1624 977 1716 ή
993 1637 1138 1699 Παυσα-

127 1734 222 1816 νίην,
244 1728 291 1817 μή
305 1755 346 1816 με
361 1729 417 1796 καὶ
430 1731 665 1815 διαφθείρητε·
691 1723 733 1794 οδ
752 1725 819 1814 γὰρ
834 1724 877 1795 ἂν
892 1734 1027 1815 ἐλεγον,
1049 1735 1082 1798 εί
1094 1727 1137 1816 μή

126 1828 277 1916 μεγάλως
296 1827 467 1915 ἐκηδόμην
488 1828 684 1914 συναπάσης
700 1833 757 1915 τής
776 1825 941 1907 Ἑλλάδος.
976 1825 1083 1907 αὐτός
1105 1852 1137 1896 τι

127 1924 193 2013 γάρ
204 1924 326 2013 Ἕλλην
341 1930 439 2012 γένος
455 1930 520 2014 είμὶ
534 1925 707 2013 τώρχαῖον,
724 1927 780 1994 καὶ
795 1923 869 1993 ἀντ’
883 1928 1068 2013 ἐλευθέρης
1083 1932 1136 1995 δε-

128 2026 346 2111 δουλωμένην
362 2021 426 2092 οὐκ
439 2019 484 2093 άν
495 2025 644 2110 ἐθέλοιμι
655 2021 741 2108 ὁρᾶν
753 2019 816 2108 τὴν
826 2021 976 2091 (Ελλάδα.
1000 2024 1092 2110 λέγω
1104 2026 1138 2091 δέ

129 2115 178 2190 όν
201 2122 253 2190 ὅτι
269 2127 456 2214 Μαρδονίῳ
471 2150 507 2192 τε
522 2125 576 2190 καὶ
595 2129 636 2210 τῇ
652 2128 787 2210 στρατιή
807 2118 847 2187 τά
863 2121 990 2207 σφάγια
1011 2118 1055 2188 οὐ
1077 2123 1139 2189 δυ’·

127 2247 226 2288 ναται
236 2221 430 2308 καταθύμια
440 2225 616 2307 γενέσθαι·
628 2218 731 2288 πάλαι
741 2216 807 2306 γάρ
819 2214 863 2286 άν
874 2219 1057 2306 ἐμάχεσθε·
1074 2229 1138 2288 νῦν

127 2322 167 2388 δέ
178 2323 213 2387 οί
226 2322 378 2388 δέδοκται
393 2318 433 2386 τὰ
448 2320 510 2406 μὲν
525 2318 651 2403 σφάγια
669 2319 728 2386 ἐᾶν
742 2323 880 2403 χαίρειν,
896 2315 965 2403 ἅμα
978 2314 1093 2408 ἡμέρη
1105 2318 1139 2386 δέ

125 2415 367 2504 διαφωσκοάση
380 2413 554 2503 συμβολήν
565 2416 748 2483 ποιέεσθαι.
764 2412 1002 2502 καταρρώδηκε
1012 2413 1082 2504 γὰρ
1095 2413 1138 2502 μή

123 2520 266 2593 πλεῦνες
277 2520 494 2601 συλλεχθῆτε,
508 2511 551 2591 ὡς
563 2510 628 2599 ἐγω
640 2513 766 2593 εἰκάζω.
790 2508 874 2600 πρὸς
884 2518 987 2579 ταῦτα
999 2513 1139 2600 ἑτοιμά-

123 2615 229 2691 ζεσθε.
253 2604 297 2696 ἢν
309 2612 345 2676 δὲ
356 2608 422 2695 άρα
434 2606 661 2696 ὑπερβάληται
673 2606 735 2694 τήν
749 2605 924 2694 συμβολήν
935 2611 1139 2695 Μαρδόνιος

123 2703 237 2792 καὶμὴ
259 2708 426 2792 ποιέηται,
452 2709 624 2793 λιπαρέετε
644 2709 816 2792 μένοντες·
847 2701 972 2790 ὀλίγων
992 2706 1061 2791 γάρ
1077 2729 1139 2796 σφι

124 2802 275 2892 ἡμερέων
289 2809 437 2871 λείπεται
453 2810 547 2872 σιτία.
570 2798 615 2890 ἢν
632 2804 668 2871 δὲ
683 2801 766 2890 ὑμίν
780 2799 799 2871 ὁ
814 2801 959 2888 πόλεμος
973 2801 1032 2870 ὅδε
1050 2805 1138 2874 κατά

125 2900 209 2968 νόον
222 2899 419 2988 τελευτήση,
441 2906 639 2987 μνησθῆναί
650 2927 726 2969 τινα
745 2897 806 2989 χρὴ
828 2903 884 2968 καὶ
897 2903 978 2987 ἐμεῦ
994 2902 1140 2972 ἐλευθε-

126 2996 248 3080 ρώσιος
264 2998 357 3084 πέρι,
377 2994 413 3076 ὃς
430 2995 599 3082 Ἑλλήνων
613 3001 742 3067 εἵνεκεν
756 2997 846 3068 οὕτω
863 3003 964 3084 ἔργον
980 3002 1140 3091 παράβο-

121 3101 183 3162 λον
209 3099 372 3181 ἔργασμαι
397 3088 466 3162 όπό
491 3101 700 3181 προθυμίης,
728 3099 857 3165 ἐθέλων
880 3095 966 3184 ὑμῖν
991 3102 1145 3185 δηλῶσαι

121 3192 185 3290 τήν
209 3193 359 3264 διάνοιαν
383 3192 445 3280 τήν
462 3199 684 3282 Μαρδονίου,
709 3200 767 3265 ἵνα
783 3197 829 3284 μή
849 3199 1029 3267 ἐπιπέσωσι
1055 3195 1144 3291 ὑμῖν

78 3283 86 3297 ’
122 3298 159 3363 οί
182 3294 344 3382 βάρβαροι
362 3293 407 3382 μή
431 3298 730 3383 προσδεκομένοισί
746 3325 802 3379 κιρ.
831 3303 899 3386 είμι
917 3299 955 3367 δέ
978 3297 1141 3383 Ἀλέξαν-

116 3399 200 3484 δρος
218 3393 239 3466 o‘
258 3394 442 3468 Μακεδών.
471 3393 506 3467 ‘0
524 3395 585 3487 μὲν
601 3401 707 3466 ταῦτα
721 3405 817 3480 είπας
833 3397 1009 3487 ἀπήλαυνε
1030 3400 1145 3473 ὀπίσω
