2378 3840
142 201 182 264 58
517 200 769 259 HERODOTI

141 360 262 450 στήλας
278 362 480 448 καλεομένας
501 361 556 426 καὶ
570 355 722 445 ποταμόν
736 357 925 445 Μαρσύην,
948 357 986 439 δς
1001 361 1091 449 ῥέων
1111 362 1146 430 ἐκ

141 469 199 548 τῆς
215 458 375 546 Ἰδριάδος
389 457 499 543 χώρης
519 458 552 534 ές
566 453 627 523 τόν
640 459 844 537 Μαίανδρον
860 458 994 524 έκδιδοί.
1026 465 1148 526 συλλε-

140 563 294 646 χθέντων
308 557 345 624 δέ
359 563 428 623 τών
442 560 568 641 Καρών
584 556 732 622 ἐνθαῦτα
748 555 898 638 ἐγίνοντο
913 558 1035 642 βουλαί
1048 553 1147 624 άλλαι

141 683 177 725 τε
192 657 312 725 πολλαὶ
325 656 381 722 καὶ
395 652 512 742 ἀρίστη
526 677 565 737 γε
581 655 744 720 δοκέουσα
759 652 845 721 εἶναι
859 655 932 740 ἐμοί
944 653 1147 741 Πιξωδάρου

141 762 203 824 τοῦ
218 754 416 822 Μαυσώλου
430 748 555 838 άνδρός
565 752 745 838 Κινδυέος,
761 749 798 829 ὃς
812 759 874 819 τού
885 756 1035 820 Κιλίκων
1049 758 1136 839 βασι
1162 772 1165 822 ἶ

141 855 215 932 λέος
231 854 434 930 Συεννέσιος
455 848 520 936 εἶχε
536 850 718 943 θυγατέρα.
751 851 875 917 τούτου
895 859 957 918 τοῦ
978 848 1105 934 άνδρός
1125 847 1145 935 ἡ

141 953 258 1043 γνώμη
273 959 373 1041 ἔφερε
387 951 567 1039 διαβάντας
582 947 643 1017 τόν
654 954 858 1035 Μαίανδρον
872 947 952 1029 τούς
962 956 1080 1038 Κᾶρας
1093 954 1147 1018 καὶ

96 1073 99 1079 ·
141 1051 226 1122 κατά
240 1052 352 1120 νώτου
367 1056 501 1137 ἔχοντας
514 1047 576 1117 τόν
589 1046 740 1134 ποταμόν
752 1047 841 1117 ούτω
857 1050 1074 1136 συμβάλλειν,
1089 1053 1146 1117 ἵνα

141 1151 185 1239 μὴ
209 1148 468 1238 έχοντεςόπίσω
491 1149 632 1235 φεύγειν
656 1155 691 1217 οί
710 1155 819 1236 Κᾶρες
844 1146 950 1216 αὐτοῦ
974 1143 1010 1216 τε
1032 1153 1145 1238 μένειν

141 1246 404 1335 ἀναγκαζόμενοι
418 1254 571 1334 γενοίατο
586 1252 634 1315 έτι
648 1245 821 1332 ἀμείνονες
834 1254 892 1333 τῆς
905 1247 1038 1333 φύσιος.
1060 1246 1145 1334 αὕτη

142 1351 205 1434 μέν
214 1373 281 1414 νυν
291 1344 354 1415 ούκ
366 1343 490 1431 ἐνίκαίη
501 1345 629 1431 γνώμη,
639 1341 723 1412 άλλά
734 1349 973 1434 τοίσιΠέρσησι
982 1346 1066 1416 κατὰ
1078 1349 1146 1416 νώ-

141 1470 202 1512 του
216 1451 373 1530 γίνεσθαι
392 1440 453 1511 τόν
467 1446 670 1524 Μαίανδρον
684 1448 813 1527 μᾶλλον
831 1440 854 1528 η’
874 1450 985 1531 σφίσι,
1006 1444 1146 1532 δηλαδὴ,

141 1539 186 1629 ἢν
201 1539 292 1628 φυγὴ
312 1546 380 1608 τών
393 1542 552 1625 Περσέων
571 1541 708 1624 γένηται
724 1539 780 1606 καὶ
794 1541 985 1608 ἑσσωθέωσι
1003 1548 1045 1630 τῇ
1058 1562 1147 1628 συμ-

143 1647 243 1730 βολῇ,
260 1637 304 1718 ὡς
319 1637 382 1706 οὐκ
397 1636 664 1725 ἀπονοστήσουσι
679 1641 712 1716 ἐς
725 1636 786 1706 τόν
800 1636 953 1725 ποταμὸν
966 1640 1147 1713 ἐσπίπτον-

76 1754 126 1810 119
141 1765 202 1816 τες.
236 1733 334 1804 Μετά
346 1737 382 1804 δέ
396 1735 592 1822 παρεόντων
603 1739 658 1804 καὶ
668 1736 859 1824 διαβάντων
872 1735 933 1805 τόν
943 1743 1147 1825 Μαίανδρον

140 1845 209 1904 τών
224 1837 384 1921 Περσέων
399 1837 548 1902 ἐνθαῦτα
562 1837 615 1903 ἐπὶ
628 1841 674 1925 τῷ
689 1835 838 1924 Μαρσύη
852 1844 989 1927 ποταμῷ
998 1842 1147 1926 συνέβα-

95 1967 100 1972 ·
141 1935 203 2005 λόν
222 1959 259 2001 τε
278 1947 364 2000 τοίσι
383 1938 532 2023 Πέρσησι
555 1939 589 2002 οί
607 1942 719 2021 Κᾶρες
738 1939 794 2004 καί
815 1936 925 2025 μάχην
945 1939 1146 2024 ἐμαχέσαντο

141 2030 282 2120 ἰσχυρὴν
296 2034 351 2099 καὶ
365 2035 418 2100 ἐπὶ
426 2034 551 2119 χρόνον
565 2030 707 2119 πολλὸν,
722 2037 815 2112 τέλος
827 2034 864 2102 δὲ
878 2034 1079 2122 ἑσσώθησαν
1091 2034 1146 2105 διά

141 2138 280 2217 πλῆθος.
322 2134 482 2218 Περσέων
498 2130 560 2217 μὲν
574 2129 615 2217 δὴ
632 2136 753 2198 έπεσον
768 2129 888 2219 ἄνδρες
904 2135 937 2211 ἐς
952 2137 1145 2220 δισχιλίους,

141 2238 266 2317 Καρῶν
278 2233 314 2298 δὲ
325 2232 358 2309 ἐς
368 2236 518 2316 μυρίους.
536 2232 698 2298 ἐνθεῦτεν
709 2231 746 2297 δὲ
756 2234 791 2298 οί
798 2231 1022 2317 διαφυγόντες
1032 2231 1144 2302 αότών

140 2330 387 2418 κατειλήθησαν
401 2331 435 2406 ἐς
445 2328 628 2415 Λάβρανδα
646 2331 679 2406 ἐς
688 2325 773 2406 Διός
785 2335 944 2415 στρατίου
958 2327 1045 2417 ίρόν,
1060 2333 1144 2418 μέγα

141 2459 177 2501 τε
197 2431 253 2498 καὶ
268 2428 367 2514 άγιον
381 2426 482 2506 άλσος
501 2434 741 2496 πλατανίστων.
770 2433 892 2512 μοῦνοι
912 2428 950 2496 δέ
965 2436 1035 2497 τών
1050 2428 1145 2518 ἡμεῖς

141 2534 238 2615 ἴδμεν
250 2527 360 2610 Κάρές
375 2531 447 2611 εέσι,
463 2528 565 2594 οδΛιὶ
578 2531 719 2616 στρατίῳ
733 2531 856 2604 θυσίας
869 2522 1044 2613 άνάγονσι.
1064 2554 1146 2596 κατ-

141 2629 330 2715 ειληθέντες
344 2628 381 2692 δέ
397 2618 445 2693 ών
465 2619 560 2694 οὗτοι
574 2629 724 2694 ἐνθαῦτα
744 2624 965 2712 ἐβουλεύοντο
985 2630 1062 2714 περὶ
1077 2647 1144 2696 σω-

140 2734 272 2814 τηρίης,
287 2722 429 2811 ὁκότερα
442 2721 465 2812 ἢ
476 2725 689 2811 »παραδόντες
705 2725 809 2809 σφέας
823 2720 948 2802 αύτούς
958 2727 1109 2814 Πέρσησι
1123 2721 1145 2811 ἢ

141 2824 331 2900 ἐκλιπόντες
353 2820 390 2889 τό
413 2824 573 2909 παράπαν
595 2820 658 2909 τὴν
676 2820 788 2908 Ἀσίην
809 2819 949 2908 άμεινον
967 2821 1143 2910 πρήξουσι.

75 2936 124 2990 120
140 2921 424 3005 Βουλευομένοισι
440 2923 481 2988 δέ
494 2940 555 3007 σφι
568 2927 672 2987 ταῦτα
692 2925 932 3007 παραγίνονται
953 2921 1144 3006 βωθέοντες

18 3068 22 3075 -
141 3018 307 3105 Μιλήσιοί
316 3042 353 3085 τε
366 3021 421 3086 καὶ
432 3023 466 3086 σί
474 3018 604 3085 τούτων
619 3016 793 3103 σύμμαχοι.
817 3023 967 3086 ενθαῦτα
978 3021 1016 3085 δὲ
1029 3014 1071 3084 τά
1083 3017 1143 3103 μὲν

141 3115 306 3202 πρότερον
318 3120 352 3184 οί
360 3123 471 3203 Κᾶρες
482 3115 702 3205 ἐβουλεύοντο
714 3122 870 3202 μετῆκαν,
885 3120 920 3184 οί
928 3115 965 3184 δὲ
976 3110 1073 3194 αὖτις
1082 3138 1140 3184 πο-

139 3223 253 3298 λεμεῖν
267 3214 299 3293 ἐξ
315 3209 416 3300 ἀρχῆς
432 3211 599 3300 άρτέοντο.
624 3216 680 3281 καί
699 3217 832 3282 ἐπιοῦσί
843 3238 880 3282 τε
893 3227 979 3282 τοῖσι
994 3217 1144 3304 Πέρσησι

139 3310 371 3396 συμβάλλουσι
384 3313 440 3380 καὶ
453 3312 675 3399 μαχεσάμενοι
687 3312 740 3379 ἐπὶ
749 3319 856 3380 πλεῦν
871 3307 894 3396 ἢ
908 3312 1076 3400 πρότερον
1089 3315 1142 3381 ἑσ·

61 3404 318 3620 Ἶώθησαν·
345 3409 519 3478 πεσόντων
533 3411 570 3479 δὲ
589 3417 658 3478 τών
678 3408 815 3478 πάντων
830 3416 965 3480 πολλῶν
978 3413 1141 3503 Μιλήσιοι
