2378 3840
72 159 135 224 106
449 160 701 217 HERODOTI

70 325 139 388 τῶν
160 317 311 389 ὀδόντων
325 322 360 386 ολ
378 323 521 394 πλεῦνες
534 318 690 385 ἐσείοντο.
718 316 849 387 τούτων
865 310 914 385 άν
935 319 996 386 ἕνα
1011 325 1078 385 τῶν

33 460 39 475 ι
71 415 223 487 ὀδόντων
237 416 390 506 ἐκβάλλει
404 412 472 484 ὑπὸ
486 422 561 503 βίης
570 414 688 503 βήξας·
712 416 913 496 ἐκπεσόντος
923 415 960 485 δέ
972 420 1005 496 ἐς
1015 416 1080 504 τὴν

72 515 209 605 ψάμμον
223 514 329 585 αὐτοῦ
343 517 489 584 ἐποιέετο
499 511 629 600 πολλὴν
642 511 795 601 σπουδὴν
805 517 962 602 ἐξευρεῖν.
987 512 1031 593 ὡς
1043 516 1080 583 δὲ

72 612 135 683 οὐκ
154 613 310 702 ἐφαίνετό
331 610 403 682 οίό
425 609 531 698 όδάν,
559 607 785 692 ἀναστενάξας
801 609 873 679 εἷπε
892 607 977 697 πρός
999 609 1080 690 τούς

71 712 298 799 παραστάτας·
326 709 371 778 Ἡ
384 718 428 798 μῆ
443 708 504 796 ἥδε
520 705 584 779 οὐκ
601 707 744 799 ἡμετέρη
760 712 828 780 ἐστὶ
848 709 930 779 οὐδὲ
941 737 1001 798 μιν
1016 713 1079 776 δν-

71 811 245 897 νησόμεθα
262 807 457 897 ὑποχειρίην
470 810 692 898 ποιήσασθαι·
713 807 839 884 ὁκόσον
856 813 895 878 δι’
905 816 941 878 τί
951 834 1009 896 μοι
1019 810 1080 894 με’-

33 918 54 973 ιδ
72 931 132 993 ρος
145 914 264 994 μετῆν,
288 903 413 975 ὁόδόιν
432 910 567 993 μετέχει.
608 904 736 994 Ἱππίης
752 906 814 993 μὲν
834 905 875 993 δη
895 907 1000 994 ταύτῃ
1016 903 1078 991 τὴν

71 1007 152 1090 ὄψιν
166 1007 370 1094 συνεβάλετο
386 1009 639 1094 ἐξεληλυθέναι,
653 1005 861 1092 Ἀθηναίοισι
873 1008 910 1077 δὲ
920 1009 1080 1093 τεταχμέ·

70 1108 204 1176 νοισιέν
213 1101 683 1193 τεμένετἩρακλέοςέπῆλθον
698 1104 884 1190 βωδέοντες
897 1110 1080 1186 Πλαταιέες

70 1208 252 1288 πανδημεί·
280 1204 335 1269 καὶ
353 1199 419 1288 γάρ
439 1203 494 1270 καὶ
509 1202 715 1270 ἐδεδώκεσαν
729 1205 833 1289 σφέας
848 1200 972 1282 αὐτοὺς
992 1218 1079 1273 τοῖσι

66 1298 274 1388 Ἀθηναίοισι
283 1302 573 1386 μονοκάλαμον
581 1299 709 1379 πόνους
717 1296 801 1384 ὑπὲρ
813 1297 925 1368 αότῶν
936 1298 1080 1387 ολἈθη-

69 1412 159 1466 ναῖοι
172 1395 317 1484 συχνοὺς
325 1395 390 1487 ἤδη
402 1395 639 1484 ἀναραιρέατο·
653 1403 776 1467 ἔδοσαν
786 1398 823 1468 δέ
835 1391 908 1469 ὦδε.
925 1399 1080 1486 πιεζόμε-

70 1521 123 1563 νοι
138 1492 204 1564 ὑπό
221 1502 379 1584 Θηβαίων
392 1501 427 1564 οί
434 1501 614 1576 Πλαταιέες
627 1499 783 1567 ἐδίδοσαν
796 1507 911 1587 πρῶτα
925 1523 1080 1584 παρατυ-

68 1597 358 1681 χοῦσιΚλεομόνεί
364 1620 401 1663 τε
411 1601 456 1686 τῷ
467 1592 729 1684 Ἀναξανδρίδεω
738 1599 1079 1684 καλΛαιιεδοὶιμονίοι-

69 1713 104 1763 σι
118 1694 223 1779 σφέας
243 1691 384 1781 αὐτοὺς,
406 1663 442 1764 οό
458 1697 496 1764 δὲ
515 1722 557 1764 ου
545 1694 748 1784 ’δεκόμενοι
767 1699 884 1785 ἔλεγόν
898 1718 961 1784 σφι
981 1697 1077 1766 τάδε·

62 1789 176 1878 Ἡμεῖς
188 1792 251 1878 μὲν
266 1795 431 1878 ἑκαστέρω
444 1819 480 1862 τε
495 1796 664 1892 οίκέομεν,
679 1793 763 1865 πεδ’
745 1811 827 1883 νμίν
837 1797 950 1882 τοιήδε
963 1823 1014 1876 τις
1025 1801 1079 1882 γί-

69 1886 154 1957 νοιτ’
171 1886 215 1957 άν
230 1893 403 1978 ἐπικουρίη
415 1893 542 1981 ψυχρή
562 1874 708 1980 φδάίητε
717 1891 783 1981 γάρ
794 1889 839 1961 άν
850 1895 1011 1973 πολλάκις
1025 1899 1078 1974 ἐξ·

65 1989 512 2078 ανδραποδισδέντεςῆτινα
523 1996 697 2061 πυθέσθαι
706 1991 828 2080 ημέων
844 1993 1079 2082 συμβουλεύο-

68 2113 132 2172 μεν
147 2083 215 2153 δὲ’
197 2100 280 2171 υμῖν
296 2084 451 2155 δοῦναι
433 2090 537 2173 υμέας
551 2087 674 2170 αότοδς
691 2087 915 2178 Ἀθηναίοισι,
936 2101 1072 2178 πλησιο-

67 2183 208 2271 χάροισί
218 2210 254 2252 τε
265 2181 407 2272 άνδράσι
419 2189 475 2253 καὶ
486 2191 660 2275 τιμωρέειν
671 2191 764 2257 ἐοῦσι
774 2187 817 2257 06
828 2203 969 2257 κακοῖσι.
985 2197 1076 2256 Tafi-

67 2309 108 2351 τα
119 2282 370 2371 συνεβούλευον
381 2288 415 2352 οί
418 2286 689 2374 Λακεδαιμόνιοι,
697 2285 740 2356 οό
752 2281 826 2354 κατ’
837 2287 976 2357 εὔνοιαν
987 2285 1076 2355 οὕτω

67 2387 136 2448 τῶν
153 2382 366 2468 Πλαταιέων,
391 2379 436 2460 ὡς
455 2384 657 2470 βουλόμενοι
672 2382 753 2464 τοδς
768 2381 969 2472 Ἀθηναίους
989 2390 1076 2470 ἔχειν

66 2478 195 2557 πόνους
209 2485 434 2557 συνεστεῶτας
446 2488 632 2549 Βοιωτοῖσι.
654 2481 915 2568 Λακεδαιμόνιοι
929 2482 992 2567 μέν
1009 2508 1076 2548 ννν

66 2581 271 2644 Πλαταιεῦσι
291 2582 394 2644 ταῦτα
409 2577 676 2664 συνεβούλευον,
698 2584 733 2648 oc
748 2577 838 2647 δὲ’
799 2606 862 2649 ουκ
876 2577 1074 2683 ἠπίστησαν,

63 2671 142 2741 ἄλλ’
154 2669 369 2759 Ἀθηναίωνί
367 2671 410 2758 ρά
420 2675 610 2743 ποιευντων
620 2691 704 2746 τοισι
715 2676 869 2745 δυωδεκα
882 2687 994 2745 θεοῖσι
1004 2677 1073 2743 ίκε-

66 2795 121 2836 ται
135 2769 281 2857 ίζόμενοι
296 2768 393 2838 ἐπὶ
359 2796 419 2837 τον
433 2770 550 2859 βωμόν
565 2776 719 2842 ἐδίδοσαν
731 2775 835 2860 σφέας
846 2770 979 2852 αὐτούς.
1003 2781 1074 2857 Θη·

65 2869 208 2954 flam}
229 2869 419 2954 πυθόμενοι
440 2876 545 2936 ταῦτα
561 2872 797 2959 ἐστρατεύοντο
819 2872 871 2940 ἐπὶ
885 2867 965 2948 τούς
978 2876 1073 2936 Πλα-

66 2967 192 3043 ταιέας·
210 2962 382 3051 Ἀθηναῖοι
400 2968 440 3032 δέ
450 2985 511 3051 σφι
533 2963 690 3050 ἐβάθεον.
726 2967 919 3054 μελλόντων
933 2966 970 3032 δὲ
987 2983 1073 3032 συν-

66 3062 186 3129 άπτειν
200 3062 309 3149 μάχην
322 3070 502 3149 Κορίνθιοι
518 3090 561 3133 ου
549 3063 758 3153 ’περιείδον,
773 3063 1020 3151 παρατυχόντες
1036 3062 1073 3130 δέ

64 3186 121 3228 και
110 3161 399 3241 καταλλάξαντες
419 3160 709 3249 ἐπιτρεψάντων’
690 3166 906 3250 αμφοτέρων,
927 3159 1072 3280 οὔρισαν

65 3283 127 3343 την
140 3257 253 3344 χάρην
267 3261 320 3328 ἐπὶ
334 3265 474 3347 τοιοίδε,
497 3265 557 3329 ἐάν
571 3268 739 3348 Θηβαίους
754 3267 913 3328 Βοιωτάν
929 3257 1011 3337 τούς
1025 3285 1070 3345 μη

62 3356 651 3442 βουλομένουςἐςΒοιωτούςτελέειν.
667 3363 848 3446 Κορίνθιοι
859 3354 921 3442 μέν
932 3353 974 3445 δη
987 3363 1071 3426 ταῦ-
