2378 3840
310 219 396 274 LIB.
430 218 489 275 VII.
524 216 623 272 cAP.
643 219 832 274 -170-173.
1014 210 1074 274 197

67 379 234 464 διέδεξαν,
250 375 301 446 ὅτι
316 375 358 443 οὕ
372 393 432 461 σφι
446 371 571 461 ἥνδανε
585 366 625 438 τά
641 374 676 437 υί
683 367 858 439 Ἀλευάδαι
873 377 1075 461 έμηχανεον-

66 502 113 544 το.
154 480 260 547 έπείτε
275 471 340 561 γάρ
363 470 533 541 ἐπύθοντο
548 468 683 555 τάχιστα
704 469 867 555 μέλλοντα
887 475 1074 596 διαβαίνειν

67 571 127 642 τὸν
140 576 276 661 Πέρσην
291 568 375 650 63⁸
339 598 402 658 την
415 567 613 686 Εὐρώπην,
626 569 793 653 πέμπουσι
813 566 895 649 63⁸
861 595 921 638 του
938 567 1075 657 Ἰσθμὸν

66 671 237 757 ἀγγέλους.
270 671 308 737 έν
329 671 365 736 δὲ
388 674 434 760 τῷ
452 666 574 756 Ἰσθμῷ
590 657 678 750 ησαν
701 659 875 752 ἠλισμέυοι
890 666 1075 790 πρόβουλοι

65 774 123 853 τῆς
131 765 289 845 Ἑλλάδος
299 736 548 854 ἀραιρημένοι’
528 761 594 830 απδ
604 767 672 829 τῶν
682 768 810 831 πολίων
820 771 888 833 τῶν
899 792 938 834 τα
928 764 1076 853 ἀμείνω

66 868 306 952 φρονεουσέων
319 859 444 948 περὶ“
408 888 471 949 την
479 859 630 928 Ἑλλάδα.
660 856 858 945 ἀπικόμενοι
874 861 911 930 δέ
926 865 979 931 ἐπὶ
995 862 1078 931 τού·

69 989 146 1041 τους
157 967 415 1033 τῶυΘεσσαλῶν
426 964 460 1027 οί
468 957 605 1045 ἀγγελοι
616 963 749 1043 έλεμου·
766 956 1076 1048 ἈνδρεςἝλληυες,

68 1064 122 1128 δεί
159 1060 396 1146 φυλάσσεσθαι
415 1054 477 1143 τὴν
501 1052 644 1143 ἐσβολὴν
667 1051 730 1141 τὴν
753 1052 993 1144 Οὐλυμπικην,
1019 1061 1077 1126 ἵνα

67 1163 233 1243 Θεσσαλίη
255 1181 292 1224 τε
308 1158 363 1224 καὶ
379 1152 399 1242 ἡ
416 1154 576 1243 σύμπασα
596 1146 618 1243 ᾖ
633 1149 750 1232 Ἑλλάς
765 1155 803 1221 έν
817 1154 922 1243 σκέπη
935 1162 998 1222 τοῦ
1013 1178 1077 1223 πο-

65 1257 179 1341 λέμου.
202 1252 296 1343 ἡμεῖς
307 1257 369 1342 μέν
379 1281 446 1322 νυυ
461 1252 588 1340 ἕτοίμοί
600 1258 691 1339 είμεν
705 1250 973 1340 συμφυλάσσειν,
991 1256 1077 1341 πέμ-

65 1378 143 1420 πειν
161 1350 276 1441 δὲηρη
295 1355 351 1421 καὶ
365 1351 469 1441 ὑμέας
486 1347 645 1438 στρατιὴν
662 1355 808 1436 πολλήν,
825 1347 872 1428 ’ὦς
887 1355 918 1417 εί
931 1347 975 1436 μὴ
991 1354 1077 1437 πέμ-

64 1462 160 1534 ψετε,
177 1449 358 1517 ἐπίστασθε
374 1449 478 1536 ἡμέας
493 1447 716 1537 ὁμολογήσειν
732 1445 922 1540 ιβ’Πέρση·
952 1448 994 1517 οὐ
1008 1450 1075 1540 γάρ

64 1571 116 1613 τοι
127 1549 402 1632 προκατημένους
409 1551 554 1614 ’τοσοῦτο
565 1541 630 1631 ’πρὸ
642 1550 701 1631 τῆς
711 1543 813 1632 άλλης
819 1542 976 1626 Ἑλλάδος
988 1549 1076 1634 μού-

65 1669 148 1721 νους
163 1639 228 1727 πρδ
241 1640 355 1729 ὑμέων
378 1648 432 1711 δεί
452 1641 646 1713 ἀπολέσθαι
681 1643 824 1728 βαθέων
845 1642 936 1713 δὲού
950 1645 1075 1733 βουλό-

66 1769 163 1830 μενοι
178 1740 366 1860 ἀυαφκαίηυ
377 1740 458 1829 ημίν
472 1744 633 1863 οὐδεμίαν
644 1741 712 1810 οέοί
719 1745 757 1810 τέ
766 1747 841 1813 έστε
849 1748 1073 1868 προσφέρειν

66 1835 198 1924 οὐδαμὰ
218 1837 284 1925 γὰρ
299 1836 523 1927 ἀδυνασίης’
502 1839 634 1926 ἀνάγκη
651 1841 803 1926 κρέσσων
820 1847 895 1929 έφυ.
929 1844 1024 1938 ημεῑς
1038 1850 1075 1915 δέ

65 1936 297 2024 πειρησομεθα
308 1935 408 2007 αυτοί
413 1963 488 2006 τινα
498 1943 667 2024 σωτηρίην
684 1938 937 2026 μηχανεόμευοι.
959 1941 1075 2012 Ταῦτα

66 2043 183 2123 ἔλεγον
194 2040 228 2105 οί
237 2041 411 2107 Θεσσαλοί
436 2039 481 2104 OC
493 2032 694 2121 έΕλληυες
704 2059 789 2123 προς
799 2064 903 2106 ταυτα
915 2042 1076 2128 έβουλεά-
1081 2051 1138 2108 173

66 2156 169 2203 σαντο
181 2135 213 2212 ές
225 2141 413 2254 Θεσσαλίην
423 2138 566 2221 πέμπειν
577 2131 661 2202 κατά
671 2134 851 2206 θάλασσαν
861 2137 962 2222 πεζδν
973 2161 1077 2228 στρα-

65 2232 126 2302 τδυ
138 2231 377 2318 φυλάξοντα“
340 2259 404 2320 την
415 2232 568 2322 ἐσβολήν.
592 2231 641 2312 ὡς
647 2234 684 2302 δε
696 2234 917 2322 συνελέχθη””
893 2264 913 2305 υ
920 2239 1075 2331 στρατὸς,

65 2338 172 2399 έπλωε
190 2330 236 2399 δι’
250 2329 414 2419 Ευρίπου.
438 2329 689 2419 ἀπικόμενοςδὲ
698 2338 757 2419 τῆς
768 2329 910 2454 Ἀχαιίης
921 2333 978 2414 ές”
970 2344 1072 2423 Αλυυ,

65 2426 196 2549 ἀποβὰς
210 2430 389 2517 έπορευετο
405 2432 438 2510 ές
452 2438 657 2517 Θεσσαλίην,
680 2427 740 2508 τάς
755 2434 834 2510 νέας
849 2427 955 2500 αὐτοῦ
970 2459 1073 2500 κατα-

66 2526 193 2613 λιπων,
208 2529 264 2595 καὶ
277 2524 414 2596 ἀπίκετο
429 2525 513 2606 63⁸
477 2553 517 2596 τα
535 2531 668 2614 Τέμπεα
682 2525 765 2606 ές“
728 2553 792 2614 την
806 2525 1010 2616 έσβολην,”
987 2554 1073 2615 ηπερ

67 2622 133 2694 ἀπὸ
147 2629 363 2712 Μακεδονίης
375 2632 434 2713 τῆς
447 2626 537 2694 κάτω
549 2628 582 2705 ές
593 2630 781 2711 Θεσσαλίην
792 2627 888 2714 φέρει
898 2624 988 2715 παρὰ
1000 2634 1075 2713 Πη-

66 2721 161 2792 νειόν
182 2721 349 2811 ποταμὸν,
371 2721 495 2812 μεταξδ
514 2724 551 2793 δέ
575 2721 764 2812 Οὐλύμπου
778 2750 816 2793 τε
836 2723 955 2814 οὔρεος
976 2725 1074 2794 ἐόντα

66 2825 122 2893 ιιαὶ
142 2830 200 2910 τῆς
213 2821 345 2912 Ὄσσης.
374 2829 523 2896 ἐνθαῦτα
539 2825 860 2913 ἐστρατοπεδεύοντο
876 2833 946 2896 τάν
956 2824 1075 2915 Ἑλλη-

65 2948 137 2990 υωυ
152 2919 236 2991 κατά
251 2930 393 3012 μυρίους
406 2921 538 2995 ὁπλίσαι
553 2931 784 3014 συλλεγέντες,
799 2934 860 2996 καί
870 2946 932 3013 σφι
943 2933 1074 3014 προσῆν

65 3018 87 3107 ἡ
107 3029 175 3089 τῶν
190 3031 372 3093 Θεσσαλῶν
390 3029 501 3105 ἵππος.
531 3027 727 3113 ἐστρατήγεε
746 3028 783 3094 δὲ
797 3031 1075 3112 Λακεδαιμονίων

66 3119 129 3206 μέν
143 3119 325 3203 Εὐαίνετος
341 3122 359 3193 6
375 3125 540 3213 Καρήνου
556 3130 675 3195 ἐκτῶν
694 3125 915 3213 πολεμάρχων
931 3121 1075 3212 ἀραιρη-

66 3219 183 3303 μένος,
197 3221 311 3304 γένεος
325 3226 441 3309 μέντοι
457 3221 523 3292 έεδν
539 3222 656 3293 αὐτοῦ
670 3229 864 3311 βασιληίου,
882 3219 1073 3310 Ἀθηναίων

66 3314 103 3384 δέ
114 3322 356 3406 Θεμιστοκλέης
372 3318 578 3399 ὁΝεοκλέος.
592 3319 753 3408 Ἔμειναν
771 3321 807 3389 δὲ
824 3316 937 3408 ὀλίγας
948 3317 1074 3408 ἡμέρας

63 3415 231 3481 ἐνθαῦτα·
247 3410 445 3504 ἀπικόμενοι
455 3416 521 3507 μάρ
533 3418 668 3507 ἄγγελοι
679 3419 756 3504 παρ’
780 3415 1001 3504 Ἀλεξάνδρου
1011 3423 1074 3485 τοῦ

1073 3528 1114 3622 Ι
