2378 3840
94 154 136 218 64
472 150 725 209 HERODOTI
764 162 770 169 ’

60 333 81 384 0
96 314 226 383 άλλοισι
241 311 494 401 παραδώσομεν.
530 313 574 377 Os
586 311 648 395 μὲν
662 307 702 397 δὴ
715 315 831 398 έλεγον
845 318 965 398 ταῦτα,
982 317 1050 380 τάν
1067 315 1104 380 δὲ

90 414 215 485 Ἰάνων
236 416 270 481 οί
285 412 447 498 τύραννοι
471 410 656 495 διέπεμπον
675 408 798 490 νυκτὸς
815 414 952 491 ἕκαστος
974 413 1007 490 ἐς
1023 408 1104 490 τούς

96 517 223 583 ἑωυτοῦ
240 507 524 603 έξαγγελλόμεγος.
554 512 588 576 οί
606 507 782 595 δὲ”λωνες,
805 512 838 588 ἐς
855 507 933 589 τούς
948 511 1004 577 καλ
1024 505 1105 575 ἀπί-

95 637 195 683 κοντο
213 603 311 678 αὗται
327 614 363 676 αί
376 604 544 694 ἀγγελίαι,
561 603 788 696 ἀγνωμοσύνῃ
801 633 836 674 τε
848 611 1034 695 διεχρέοντο
1047 608 1104 674 καλ

96 708 137 780 ού
154 712 329 793 προσίεντο
347 701 409 792 τὴν
429 707 630 790 προδοσίην,
654 705 809 770 έωυτοίσί
820 729 856 770 τε
876 706 1008 771 ἔκαστοι
1026 703 1104 770 ἐδό-

95 834 174 877 κεον
188 802 345 892 μούνοισι
356 807 461 869 ταῦτα
474 804 553 879 τοὺς
563 802 695 887 Πέρσας
711 802 974 886 ἐξαγγέλλεσθαι.
998 807 1103 868 ταῦτα

95 909 157 994 μέν
170 929 236 971 νυν
247 905 348 978 ίθέως
359 896 572 984 ἀπικομένων
583 902 616 976 ές
626 896 688 984 τὴν
699 905 855 983 Μίλητον
865 904 932 965 τῶν
943 901 1102 986 Περσέων

57 1018 81 1073 [1
99 1007 236 1091 ἐγίνετο,
252 995 332 1086 μετά
344 997 380 1066 δέ
392 1003 460 1064 τῶν
470 992 592 1065 Ἰάνων
603 1000 855 1082 συλλεχθέντων
868 998 901 1073 ές
912 993 973 1081 τὴν
984 995 1103 1080 Λάδην

95 1105 244 1188 ἐγίνοντο
257 1095 385 1185 ἀγοραί.
404 1098 459 1163 καλ
471 1094 514 1182 δή.
524 1092 588 1162 κού
599 1114 659 1179 σφι
674 1097 729 1162 καλ
740 1092 1102 1181 ἀλλοιὴγορεύοντο,έν

95 1201 132 1267 δέ
147 1195 188 1284 δὴ
204 1198 258 1266 καὶ
272 1193 291 1264 ὑ
304 1190 478 1271 Φωκαιεὺς
492 1189 675 1279 στρατηγὸς
684 1192 869 1271 Διονύσιος
883 1192 992 1278 λέγων
1004 1189 1101 1259 τάδε·

90 1294 160 1364 Ἐπὶ
178 1299 282 1381 ξυροῦ
298 1289 362 1381 γάρ
378 1289 484 1378 ἀκμῆς
499 1296 604 1377 ἐῃεται
619 1288 700 1378 ἡμῖν
714 1289 753 1359 τά
768 1291 962 1380 πρήγματα,
981 1287 1102 1377 ἀνδρες

83 1392 214 1478 Ἴωνες,
235 1388 257 1479 ἡ
272 1390 357 1459 εἶναι
371 1391 579 1477 ἐλευθέροισι
594 1385 615 1476 ἡ
631 1389 799 1476 δούλοισι,
823 1392 879 1458 καλ
891 1389 1043 1457 τούτοισι
1058 1384 1101 1464 άις

95 1492 291 1581 δρηπέτῃσι·
312 1497 379 1557 ’νῦν
391 1480 440 1556 τίν
451 1485 556 1575 ὑμεῖς,
566 1483 611 1576 ἡν
621 1488 683 1576 μὲν
693 1489 866 1576 βούλησθε
878 1493 1102 1576 ταλαιπωρίας

95 1592 307 1673 ἐνδέκεσθαι,
321 1585 359 1656 τὺ
371 1594 570 1675 παραχρῆμα
581 1587 643 1675 μὲν
657 1587 762 1666 πόνος
772 1585 853 1674 ὑμῖν
864 1593 970 1674 ἔσται,
989 1583 1057 1655 οἷοί
1068 1612 1102 1655 τε

95 1691 131 1757 δέ
139 1693 258 1755 ἔσεσθε
268 1684 537 1775 ὑπερβαλόμενοι
547 1685 806 1766 τοὺςέναντίους
817 1685 902 1756 είναι
911 1687 1100 1774 ἐλεύθεροι·

94 1794 124 1857 εί
133 1788 320 1874 δὲμαλακίῃ
332 1811 367 1853 τε
378 1786 434 1853 καλ
444 1782 558 1875 ἀταξίῃ
570 1786 801 1873 διαχρήσεσθε,
814 1784 975 1874 οὐδεμίαν
988 1783 1102 1874 ὑμέων
1114 1865 1116 1871 ῃ

96 1894 159 1974 έχω
178 1888 293 1953 ἐλπίδα
310 1882 354 1972 μὴ
373 1883 414 1954 ού
434 1886 556 1954 δάσειν
570 1884 673 1972 ὑμέας
688 1889 786 1972 δίκην
801 1887 932 1973 βασιλέί
944 1888 1001 1971 τῆς
1017 1883 1103 1953 ἀπο-

95 1987 237 2064 στάσιος.
268 1981 341 2052 άλλ’
365 1986 441 2071 έμοί
453 2011 488 2053 τε
509 1991 673 2053 πείθεσθε
693 1986 749 2051 καλ
765 1985 837 2070 ἐμοὶ
854 1981 957 2070 ὑμέας
979 1980 1103 2061 αὐτούς

95 2085 305 2170 ἐπιτρέψατε·
335 2086 389 2151 καὶ
410 2079 491 2170 ὑμῖν
508 2079 572 2168 ἐγώ
589 2087 683 2149 θεάν
700 2078 740 2148 τά
755 2090 811 2148 ίσα
825 2078 1000 2168 νεμόντων
1015 2078 1102 2148 ὑπο-

95 2186 232 2270 δέκομαι
248 2177 269 2270 ἡ
286 2178 328 2249 ού
343 2183 518 2268 συμμίξειν
529 2177 608 2260 τούς
622 2186 802 2268 πολεμίους
815 2174 837 2266 ἡ
853 2186 1101 2265 συμμίσγοντας

57 2297 80 2355 θ
97 2278 223 2349 πολλὸν
235 2278 492 2348 έλασσάοεσθαι.
519 2285 631 2348 Ταύτα
646 2276 852 2357 ἀκούσαντες
866 2274 1015 2355 οίἼωνες
1029 2278 1103 2343 ἐπι-

94 2378 260 2467 τρέπουσι
278 2380 381 2463 σφέας
392 2374 516 2457 αὐτούς
527 2384 573 2470 τῷ
582 2385 765 2471 Διονυσίῳ.
789 2375 807 2446 ὁ
822 2376 859 2446 δὲ
873 2373 1011 2463 ἀνάγων
1023 2376 1099 2444 έκά-

96 2496 191 2545 στοτε
210 2478 262 2544 ἐπὶ
281 2479 380 2563 κέρας
396 2473 455 2556 τάς
476 2481 570 2563 νέας,
595 2475 683 2557 ὅκως
697 2493 782 2547 τοῖσι
799 2477 927 2567 ἐρέτῃσι
942 2474 1101 2564 χρήσαιτο

96 2575 272 2642 διέκπλοον
286 2574 485 2661 ποιεύμενος
499 2583 573 2665 τῇσι
588 2578 688 2662 νηυσὶ
702 2573 748 2645 δι’
763 2573 934 2662 ἀλληλέων
950 2578 1007 2644 καλ
1020 2572 1100 2653 τούς

94 2672 251 2760 ἐπιβάτας
264 2669 428 2759 ὁπλίσειε,
446 2669 482 2741 τδ
495 2672 616 2764 λοιπὸν
630 2682 687 2761 τῆς
698 2671 821 2762 ἡμέρης
831 2671 890 2752 τάς
901 2678 978 2753 νέας
989 2679 1100 2761 έγεσκε

94 2767 146 2839 ἐπ’
165 2767 356 2856 ἀγκυρέων,
374 2776 512 2857 παρεῖχέ
524 2798 559 2840 τε
580 2787 665 2847 τοῖσι
674 2771 766 2841 Ἴωσι
782 2773 890 2841 πόνον
905 2771 949 2841 δι’
965 2769 1099 2862 ἡμέρης.
1135 2768 1140 2776 ’

94 2872 187 2954 μέχρι
198 2868 261 2953 μέν
271 2892 337 2933 νυν
350 2863 501 2954 ἡμερέων
512 2866 592 2938 έπτδι
608 2872 786 2939 ἐπείθοντό
800 2897 835 2940 τε
850 2874 905 2940 καὶ
916 2875 1053 2941 ἐποίευν
1063 2869 1099 2945 τό

94 2966 334 3061 κελευρενον,
357 2972 396 3055 τῇ
411 2969 448 3036 δέ
464 2969 515 3036 ἐπὶ
531 2968 669 3058 ταύτῃσι
686 2976 720 3040 οί
729 2969 861 3060 Ἴωνες,
883 2967 1101 3062 οίαάπαθέες

94 3067 206 3144 ἐόντες
222 3064 339 3134 πόνων
354 3068 519 3137 τοιούτων
532 3076 726 3158 τετρυμένοι
747 3099 783 3142 τε
803 3078 1048 3162 ταλαιπωρίῃσί
1065 3095 1099 3139 τι

94 3167 149 3234 καὶ
164 3160 264 3253 ἡλίῳ,
290 3168 405 3245 ἔλεξαν
425 3165 508 3252 πρὸς
526 3166 671 3249 ἑωυτούς
691 3171 786 3240 τάδε·
823 3177 906 3240 Τίνα
927 3170 1099 3258 δαιμόνων

93 3262 303 3350 παραβάντες
326 3263 405 3332 τάδε
428 3263 703 3355 ἀναπίμπλαμενς
733 3272 854 3348 οἵτινες
876 3268 1096 3358 τταραιγρονή1
1135 3340 1145 3358 ,

94 3382 211 3442 σαντες
225 3366 280 3432 καί
296 3363 523 3447 ἐκπλεύσαντες
535 3369 571 3436 ἐκ
583 3375 643 3436 τοῦ
655 3369 739 3438 νόου
750 3365 848 3458 ἀνδρλ
860 3371 1010 3439 Φωκαιέί
1018 3366 1098 3438 ἀλα,
