2378 3840
124 194 161 256 18
493 199 744 258 HERODOTI

117 358 155 426 δδ
178 357 234 426 καὶ
257 355 352 426 ἄλλοι
376 361 410 426 οί
427 365 569 437 πλεῦνες
591 355 741 428 ἀπίεσαν.
775 359 955 447 τυράννων
976 363 1039 446 μέν
1059 387 1125 430 νυν

117 453 324 534 κατάπαυσις
338 457 468 541 ἐγένετο
484 453 551 524 ἀυά
565 454 625 536 τάς
650 454 762 540 πόλις,
794 455 1031 546 Ἀρισταγόρης
1053 460 1090 528 δὲ
1108 455 1126 528 ό

120 552 285 640 Μιλήσιος
305 550 350 632 ὡς
374 551 454 633 τούς
476 556 667 643 τυράννους
690 560 895 645 κατέπαυσε,
917 554 1127 645 στρατηγοὺς

117 652 155 718 ἐν
170 651 290 739 ἑκάστη
311 658 379 718 τῶν
401 660 529 722 πολίων
549 654 709 733 κελεύσας
730 655 889 735 ἑκάστους
912 664 1125 744 καταστῆσαι,

118 747 258 835 δεύτερα
279 744 381 828 αὐτός
400 751 434 829 ἐς
447 755 683 838 Λακεδαίμονα
699 754 830 841 τριήρει
849 751 1035 832 ἀπόστολος
1055 755 1126 839 ἐγί-

116 873 210 916 νετο·
239 852 310 916 ἔδεε
329 845 395 938 γάρ
417 847 457 938 δή
480 859 667 940 συμμαχίης
689 849 782 934 τινός
807 860 841 924 οί
863 857 1008 942 μεγάλης
1032 857 1125 935 ἐξευ-

117 953 270 1034 ρεθῆυαι.

66 1063 102 1119 ³9
204 1053 270 1134 Τῆς
284 1050 321 1115 δέ
335 1047 495 1136 Σπάρτης
505 1045 762 1137 Ἀναξανδρίδης
777 1053 841 1138 μέν
855 1048 1027 1131 όΛέοντος
1042 1046 1123 1120 οὐκ·

117 1147 163 1212 ἐτι
188 1142 333 1231 περιεάν
359 1148 548 1235 ἐβασίλευε,
577 1145 662 1217 ἀλλά
687 1150 946 1237 ἐτετελευτήκεε,
976 1148 1120 1236 Κλεομέ-

115 1269 176 1329 νης
191 1243 228 1310 δὲ
241 1239 260 1309 ὁ
272 1240 535 1330 Ἀναξανδρίδεω
550 1243 614 1331 εἶχε
627 1243 691 1331 τήν
703 1253 891 1334 βασιληίην,
907 1246 950 1315 οὐ
964 1248 1041 1316 κατ’
1064 1243 1125 1314 ἀν·

116 1345 307 1437 δραγαθίην
328 1341 418 1428 σχάν
456 1340 536 1410 ἀλλ’
557 1340 640 1411 κατά
657 1346 764 1430 γένος.
805 1342 1045 1431 Ἀναξανδρίδῃ
1059 1341 1125 1431 γάρ

115 1448 224 1530 έχοντι
246 1458 391 1529 γυναῖκα
408 1441 572 1530 ἀδελφεῆς
592 1446 720 1511 ἐρινεοῦ
735 1447 907 1530 θυγατέρα
927 1446 983 1512 καί
1004 1443 1123 1532 ἐούσης

114 1541 236 1630 ταύτης
258 1546 293 1610 οί
307 1548 517 1628 καταθυμίης
537 1544 652 1620 παῖδες
672 1537 735 1608 οὐκ
755 1543 916 1627 ἐγίνοντο.
944 1539 1072 1609 τούτου
1088 1541 1125 1609 δὲ

115 1638 272 1708 τοιούτου
286 1639 400 1718 ἐόντος
413 1644 449 1707 υί
461 1645 579 1725 ἔφοροι
596 1636 693 1706 είπαν
707 1638 984 1725 ἐπικαλεσάμενοι
1000 1635 1123 1706 αὐτόν·

116 1748 163 1809 Εί
170 1765 222 1808 τοι
238 1739 282 1808 σά
291 1764 331 1826 γε
345 1745 497 1806 σεαυτοῦ
511 1737 556 1826 μή
569 1744 733 1827 προορᾷς,
756 1734 831 1806 ἀλλ’
843 1734 926 1823 ἡμίν
939 1735 1039 1806 τοῦτό
1054 1739 1124 1804 ἐστι
1153 1743 1156 1747 ’

116 1836 159 1908 οά
177 1841 393 1926 περιοπτέον,
416 1839 514 1926 γένος
533 1833 570 1904 τό
588 1834 826 1922 Εὐρυσθένεος
838 1839 999 1922 γενέσθαι
1017 1837 1125 1922 ἐξίτη-

115 1948 185 2009 λον.
209 1938 253 2006 σά
266 1963 333 2006 νυν
345 1933 409 2023 τήν
419 1938 483 2023 μέν
493 1942 577 2022 ἔχεις
591 1950 746 2023 γυναῖκα,
765 1936 873 2002 έπείτε
890 1961 942 2003 τοι
956 1932 998 2002 οό
1008 1941 1121 2019 τίκτει,

117 2041 204 2121 ἔξεο,
227 2032 333 2122 ἀλλην
352 2035 390 2102 δέ
407 2042 532 2122 γῆμον·
556 2037 612 2102 καλ
631 2035 757 2102 ποιέων
772 2039 877 2100 ταῦτα
891 2033 1125 2121 Σπαρτιήτῃσι

117 2132 260 2222 ἁδήσεις.
298 2131 335 2200 Ὁ
350 2129 382 2199 δ’
398 2129 551 2220 ἀμείβετο
566 2129 633 2218 φάς
643 2130 774 2198 τούτων
787 2126 947 2218 οὐδέτερα
957 2130 1126 2216 ποιήσειν,
1141 2178 1145 2185 -

117 2236 266 2311 ἐκείνους
281 2257 316 2301 τε
336 2228 380 2299 οὐ
394 2237 503 2310 νεαλεῖς
518 2227 769 2318 συμβουλεύειν
780 2232 1038 2314 παραινέοντας,
1061 2227 1126 2315 τήν

117 2336 182 2417 ἔχει
198 2343 360 2416 γυναῖκα,
378 2331 502 2398 ἐοῦσαν
517 2324 753 2413 ἀναμάρτητον
769 2330 899 2419 ἐαυτῷ,
914 2328 1042 2414 ταύτην
1057 2324 1125 2395 ἀπ-

66 2444 101 2499 40
116 2430 193 2497 ἐντα
215 2426 322 2514 ἀλλην
341 2429 582 2514 ἐσαγαγέσθαι,
608 2422 692 2493 οάδέ
712 2446 773 2512 σφι
795 2432 980 2494 πείσεσθαι.
1029 2425 1126 2514 Πρός

115 2535 218 2596 ταῦτα
234 2532 268 2597 οί
286 2534 404 2615 ἐφοροι
426 2528 535 2595 καλοί
553 2528 708 2612 γέροντες
726 2524 993 2612 δουλωσάμενοι
1014 2545 1117 2613 προσ·

116 2630 239 2712 ἔφερον
258 2622 499 2712 Ἀναξανδρίδῃ
519 2624 615 2692 τάδε·
644 2620 731 2691 Ἐπεὶ
746 2630 865 2692 τοίνυν
882 2622 1126 2711 περιεχόμενόν

114 2747 152 2796 σε
165 2723 307 2813 ὁρέομεν
324 2733 381 2813 τῆς
401 2731 484 2811 ἔχεις
497 2724 674 2811 γυναικός,
696 2723 740 2793 σά
756 2724 794 2793 δέ
813 2731 918 2792 ταῦτα
937 2729 1047 2812 ποίεε,
1067 2725 1125 2791 καί

114 2822 159 2912 μή
175 2820 348 2911 ἀντίβαινε
366 2822 531 2909 τούτοισι,
553 2827 611 2890 ἵνα
651 2826 696 2908 μή
724 2849 756 2891 τι
784 2824 922 2892 ἀλλοίου
951 2822 1030 2909 περὶ
1061 2826 1125 2893 σεῦ

113 2930 322 3010 Σπαρτιῆται
344 2921 605 3010 βουλεύσωνται.
633 2919 795 3005 γυναικός
814 2921 876 3007 μὲν
895 2927 954 3008 τῆς
974 2925 1060 3005 ἐχεις
1080 2915 1125 2986 οά

113 3021 350 3108 προσδεόμεθά
374 3040 435 3089 σευ
451 3027 509 3107 τῆς
530 3022 670 3105 ἐξέσιος,
696 3017 740 3088 σδ
762 3018 799 3088 δὲ
818 3019 923 3107 ταιίιη
941 3044 978 3086 τε
999 3018 1123 3102 πάντα,

113 3119 176 3189 όσα
191 3127 258 3187 νῦν
273 3123 443 3206 παρέχεις,
465 3119 605 3205 πάρεχε,
626 3120 681 3187 παλ
698 3116 804 3205 ἀλλην
822 3115 908 3206 πρός
923 3117 1029 3205 ταύτῃ
1043 3117 1104 3184 έσά

111 3244 195 3308 γαγε
208 3233 353 3306 γυναίιια
368 3218 575 3288 τεκνοποιόν.
604 3218 710 3286 ταῦτα’
728 3245 771 3307 κη
786 3218 957 3304 λεγόντων
970 3215 1123 3304 συνεχά-

113 3336 195 3404 ρησε
210 3315 228 3384 ὁ
240 3315 513 3406 Ἀναξανδρίδης,
529 3315 611 3404 μετὰ
625 3318 663 3385 δὲ
672 3331 835 3404 γυναῖκας
849 3322 934 3402 ἔχων
949 3315 1012 3384 δύο
1028 3312 1134 3396 διξάς.

60 3431 97 3489 ss
109 3418 218 3496 ἱστίας
238 3428 344 3506 olm,
372 3422 497 3488 ποιέων
517 3415 672 3505 οὐδαμῶς
690 3417 930 3506 Σπαρτιητικά.
982 3418 1121 3504 Χρόνου

65 3492 160 3624 ἱ
