2378 3840
10 36 26 175 λ

17 168 31 269 Ι
183 186 268 242 Lm.
300 186 336 240 v.
370 184 467 242 ονε.
497 183 699 242 ιιι-τιν.
731 185 779 240 vl.
814 185 911 243 ονε.
945 191 972 243 ε.
1036 182 1077 247 ολ

71 345 291 430 Αρταφέρυης
307 342 370 429 μέν
389 348 492 409 ταῦτα
513 342 546 418 ἐς
566 336 629 427 την
651 338 836 409 ἀπόστασιν
857 348 973 428 ἔχοντα
994 341 1109 428 εἶπεν

62 439 215 520 Ἱστιαῖος
237 442 274 508 δὲ
295 443 405 518 δείσας
430 435 474 516 ὡς
498 441 656 505 συνιέντα
676 434 901 525 Ἀρταφέρνεα
925 435 991 506 ῦπῦ
1014 438 1077 527 τὴν

66 537 206 624 πρωτην
222 538 434 606 ἐπελθοῦσαν
448 536 555 604 νύκτα
567 532 693 621 ἀπέδρη
709 537 761 602 ἐπὶ
775 536 963 622 θάλασσαν,
978 543 1076 624 βασι-

16 644 20 663 ³
66 643 125 712 λέα
136 650 287 724 Δαρεῖον
297 639 520 724 ἐξηπατηκώς·
540 636 578 715 ὃς
588 634 712 722 Σαρδῦ
728 642 833 720 νῆσον
844 634 905 723 τὴν
916 644 1076 724 μεγίστην

65 735 316 823 ἀποδεξάμενος
337 735 612 823 κατεργάσεσθαι,
623 733 770 802 ὑπέδυνε
791 741 859 801 τῶν
876 733 998 805 Ἰάνων
1012 733 1076 820 τὴν

65 833 250 922 ἡγεμονίην
264 840 325 901 τοῦ
335 829 419 921 πρὸς
428 843 577 918 Δαρεῖον
588 833 745 918 πολέμου
768 830 932 953 διαβάςδὲ
945 835 1034 911 ἐςΧί
1032 857 1073 899 ου

64 928 209 1052 ἐδέθη·
190 928 258 1000 υπό
279 937 388 1016 Χίων,
417 935 667 1055 καταγνωσθεὶς
685 928 769 1017 πρὸς
791 929 905 998 αύτῦν
924 932 1072 1014 νεοίτερα

16 1029 229 1137 πρήσσειν
245 1030 420 1150 πρήγματα
441 1034 474 1107 ές
500 1025 625 1106 αύτούς
652 1030 688 1095 ἐκ
712 1035 870 1113 Δαρείου.
904 1028 1071 1114 μαθόντες

62 1123 180 1218 μέντοι
194 1155 213 1197 ο
215 1135 319 1198 ίΧίοι
332 1127 392 1196 τὸν
409 1129 517 1195 πάντα
533 1126 652 1212 λύγον,
676 1123 720 1204 ὡς
737 1128 893 1212 πολέμιος
909 1135 959 1212 εἴη
973 1134 1071 1245 βασι-

62 1230 130 1314 λέι,
148 1232 273 1296 ἔλυσαν
287 1226 400 1294 αύτύυ.
435 1224 600 1294 Ἐνταῦθα
612 1222 652 1311 δη
671 1223 938 1313 είρωτεύμενος“
920 1223 987 1293 υπῦ
1004 1232 1102 1292 τῦυ3

60 1326 220 1400 'Iw'vwv‘
205 1354 223 1395 ο
241 1320 406 1414 Ἱστιαιος,
425 1323 499 1394 κατ’
517 1324 582 1399 ὅτι
582 1325 784 1446 προθύμως
799 1322 888 1391 οῦτω
905 1327 1070 1392 ἐπέστειλε

61 1453 108 1518 τρι
93 1424 338 1544 Ἀρισταγόρῃ
352 1423 556 1494 ἀπίστασθαι
571 1421 637 1491 ἀπὸ
652 1426 806 1511 βασιλέος
820 1426 876 1490 καὶ
892 1420 999 1491 κακὸν
1012 1449 1070 1491 το-

60 1533 245 1609 συῦτονείη
249 1521 366 1604 Ιωνας
373 1527 627 1612 ἐξεργασμένος,
647 1549 709 1608 την
728 1523 790 1608 μὲν
804 1526 991 1609 γενομένην
1005 1518 1070 1588 αύ-

62 1640 149 1694 τοσσι
164 1629 274 1711 αίτίην
290 1624 332 1691 ού
347 1625 436 1711 μάλα
451 1627 613 1711 ἐξέφαινε,
631 1621 648 1691 ὁ
664 1625 700 1690 δέ
716 1626 810 1709 ἔλεγέ
822 1642 894 1710 σφι,
911 1621 956 1703 ὡς
970 1630 1049 1711 βασι

59 1721 140 1802 λεῦς
151 1732 296 1809 Δαρεῖος
311 1722 532 1810 ἐβουλεύσατο
545 1730 705 1801 Φοίνικας
719 1723 781 1809 μὲν
793 1723 1016 1811 ἐξαναστήσας
1030 1727 1068 1793 ἐν

59 1831 99 1909 τῇ
108 1818 216 1910 Ἰωνίη
231 1829 432 1907 κατοικίσαι,
444 1821 565 1901 Ἴωνας
582 1824 618 1889 δὲ
632 1825 670 1889 ἐν
684 1829 724 1910 τῇ
739 1831 896 1911 Φοινίκη,
917 1822 972 1892 καὶ
986 1823 1068 1890 τού·

57 1946 128 1989 των
141 1923 269 1989 εἵνεκεν
280 1923 479 1991 ἐπιστείλειε.
498 1920 599 1991 οὐδέν
609 1949 641 1990 τι
651 1922 784 2002 πάντως
794 1931 898 1991 ταῦτα
910 1926 1063 2011 βασιλέος

58 2023 333 2108 βουλευσαμένου
348 2022 522 2108 ἐδειμάτου
538 2018 747 2100 τοῦςἼωνας.
777 2019 874 2090 Μετά
890 2025 926 2090 δὲ
940 2019 1093 2090 wau-4

56 2134 131 2200 αἴος
145 2118 191 2188 δι’
204 2117 348 2207 ἀγγέλου
359 2124 557 2209 ποιεύμενος
567 2122 753 2210 Ἑρμίππου
764 2122 889 2211 ἀνδρὸς
898 2122 1067 2211 Ἀταρυεί-

57 2243 122 2286 τεω
137 2232 222 2286 τοῖσι
244 2221 281 2287 ἐν
295 2221 441 2307 Σάρδισι
462 2225 554 2290 ἐοῦσι
568 2225 728 2307 Περσέων
744 2228 869 2310 ἐπεμπε
889 2231 1001 2311 βιβλία
1021 2221 1066 2300 ὡς

56 2323 436 2404 προλελεσχηνευμένων
458 2317 548 2410 αύτῷ
566 2318 767 2398 ἀποστάσιος
781 2323 866 2408 πέρι.
895 2320 913 2390 ὁ
937 2323 974 2389 δὲ
986 2319 1065 2405 ‘'Eo-

56 2438 181 2502 μιππος
214 2415 298 2500 πρὸς
315 2416 395 2497 τοῦς
408 2419 471 2505 μὲν
486 2417 709 2508 ἀπεπέμφθη,
724 2417 767 2488 ού
781 2418 878 2507 διδοί,
897 2425 1012 2509 φέρων
1028 2425 1065 2491 δὲ

58 2516 236 2635 ἐνεχείρισε
249 2512 289 2582 τά
305 2524 418 2604 βιβλία
434 2515 658 2606 Ἀρταφέρνει.
689 2516 707 2586 ὁ
730 2521 766 2586 δέ
783 2518 905 2605 μαθων
921 2521 1012 2588 ἅπαν
1026 2521 1063 2589 τδ

54 2612 239 2701 γινόμενον
255 2614 434 2684 ἐκέλευε
400 2642 461 2683 τον
467 2615 656 2702 Ἕρμιππον
666 2643 706 2684 τα
695 2614 780 2702 μὲν
794 2617 1064 2707 ua0&tov‘-16n

54 2717 134 2781 αίου
150 2715 270 2780 δοῦναι
283 2714 429 2799 φέροντα
453 2720 603 2804 τοίσίπερ
623 2720 732 2802 ἔφερε,
747 2742 788 2782 τα
777 2713 837 2784 δ
850 2713 1009 2806 ἀμοιβαῖα
1022 2716 1062 2786 τά

10 2858 14 2891 =.
54 2805 147 2893 παρά
164 2816 232 2877 τῶν
243 2809 437 2896 Περσέων’
418 2813 691 2899 αντιπεμπόμενα
699 2809 871 2905 Ἱστιαίῳ*
854 2840 966 2904 εωυτῳ
954 2819 1061 2883 δοῦ-

10 2898 12 2961 !
54 2933 121 2977 ναι.
146 2905 276 2976 τούτων
292 2909 328 2977 δέ
344 2912 538 2996 γευομένων
553 2916 712 2997 φανεροῦν
724 2910 896 2979 ἀπέκτεινε
912 2914 1061 2981 ἐνθαῦτα

10 3010 12 3017 ’
54 3007 201 3086 πολλοῦς
217 3007 413 3094 Περσέων
398 3035 416 3076 ο
431 3006 664 3098 Ἀρταφέρνης.
701 3012 786 3094 Περὶ
799 3011 928 3096 Σάρδις
944 2997 1006 3097 μέν
1021 3011 1061 3099 δη
1078 3028 1094 3079 ⁵

56 3107 185 3193 ἐγένετο
197 3132 333 3194 ταραχη,
344 3105 500 3176 Ιστιαίον
511 3108 547 3176 δε
558 3109 681 3194 ταύτης
692 3106 978 3195 ἀποσφαλέντα
939 3136 995 3195 της
1007 3112 1062 3178 έλ-

55 3207 150 3282 πίδος
158 3211 241 3272 Χίοι
255 3231 401 3291 κατηγον
416 3207 449 3285 ἐς
463 3212 618 3293 Μίλητον
633 3203 739 3274 αῦτου
724 3204 901 3275 Ἱστιαίου
917 3210 1061 3294 δεηθέν-

10 3280 19 3351 ί
56 3304 177 3379 τος.οί
189 3301 225 3367 δὲ
235 3300 432 3388 Μιλήσιυι”
412 3323 551 3389 ασμενοι
562 3300 830 3390 ἀπαλλαχθέντες
844 3303 918 3372 κάλ’
913 3315 1061 3393 Αριστα-

57 3394 163 3484 γύρεω
180 3396 335 3486 ούδαμως
354 3400 528 3490 πρόθυμοι
551 3394 638 3490 ἦσαν
661 3400 764 3471 ἀλλον
781 3402 951 3488 τύραννον
966 3408 1059 3474 δέκε·
