2378 3840
319 171 411 226 LIB.
442 169 488 226 lx.
522 167 621 226 cn.
651 171 734 229 83-
750 173 793 224 88
1000 161 1066 226 ³29

60 331 267 419 Αἰγινητέων
293 328 360 396 ἐστὶ
387 322 510 394 αὐτόθι
534 321 736 410 καλεόμενος
760 322 883 410 τάφος,
914 318 976 390 τόν
997 322 1062 410 ἐγώ

60 424 175 496 ἀκοόω
185 429 240 494 καί
250 425 329 494 δέκα
340 420 459 492 ἐτεσι“
435 440 577 508 νστερον
586 416 668 508 μετά
679 426 783 489 ταῦτα
793 423 985 509 δεηθέντων
995 428 1062 488 τῶν

62 526 266 612 Αἰγινητέων
280 530 384 609 χῶσαι
394 516 600 607 Κλεάδην
565 545 626 588 τον
641 515 833 588 Αὐτοδίκου
849 519 958 609 ἀνδρα
968 528 1063 589 Πλα-

60 628 168 712 ταιέα,
185 624 362 709 πρόξεινον
377 622 474 691 ἰόντα
488 618 611 689 αὐτῶν.

137 722 197 804 Ὡς
216 720 248 789 δ’
268 720 333 807 ἀρα
353 725 486 800 ἔθαψαν
506 714 585 796 τούς
603 713 746 802 νεκροὺς
767 718 804 784 ἐν
824 723 1008 805 Πλαταιῇσι
1028 721 1062 784 οἰ
1075 735 1114 789 86

63 819 234 906 Ἕλληνες,
255 815 373 886 αὐτίκα
388 816 667 905 βουλευομένοισί
679 831 739 898 σφι
757 811 869 883 ἐδόκεε
884 813 1062 902 στρατεύε-

10 950 13 959 ’
61 927 143 985 σθαι
159 911 284 994 ἐπλτάς
298 914 413 1002 Θήβας
427 918 481 983 καλ
502 913 658 995 ἐξαιτέειν
674 907 787 978 αὐτῶν
806 907 885 990 τούς
898 916 1063 999 μηδίσαν-

10 1049 13 1081 ι
61 1040 133 1095 τας,
151 1015 189 1082 ἐν
201 1012 361 1098 πρώτοισι
375 1015 412 1081 δὲ
426 1009 540 1080 αὐτῶν
555 1012 779 1097 Τιμηγενίδην
794 1011 849 1078 καλ
859 1005 1061 1095 Ἀτταγίνου,

61 1118 96 1179 οἳ
107 1108 281 1197 ἀρχηγέται
296 1108 361 1178 άυά
376 1109 531 1197 πρώτους
543 1101 648 1196 ἦσαν,
663 1104 707 1195 ἡν
722 1109 759 1175 δέ
775 1103 819 1193 μὴ
834 1108 1000 1193 ἐκδιδῶσι,
1016 1104 1060 1192 μὴ

10 1238 16 1278 ι
61 1205 306 1276 ἀπανίστασθαι
318 1205 382 1276 ἀπὸ
393 1214 451 1293 τῆς
462 1207 579 1300 πόλιος
589 1204 754 1289 πρότερον
767 1201 789 1292 ἡ
804 1205 946 1286 ἐξέλωσι.
970 1200 1015 1282 ὡς
1026 1207 1067 1272 δέ

10 1352 12 1357 ,
61 1329 120 1392 σφι
136 1312 240 1375 ταῦτα
254 1309 362 1395 ἔδοξε,
377 1305 466 1375 οὕτω
480 1304 521 1394 δὴ
536 1306 695 1394 ἑνδεκάτη
707 1303 813 1395 ἡμέρη
828 1303 893 1374 ἀπὸ
907 1312 964 1393 της
974 1325 1064 1391 συμ-

60 1412 161 1493 βολῆς
175 1401 371 1492 ἀπικόμενοι
381 1405 598 1490 ἐπολιόρκεον
608 1410 786 1493 Θηβαίους,
802 1403 996 1481 κελεύοντες
1006 1405 1065 1470 ἐκ·

60 1505 191 1572 διδόναι
209 1502 289 1582 τούς
308 1502 449 1590 ἀνδρας·
480 1500 522 1571 οό
536 1503 756 1591 βουλομένων
768 1502 806 1570 δέ
822 1508 891 1570 τάν
905 1506 1066 1588 Θηβαίων

60 1598 229 1669 ἐκδιδόναι
247 1600 310 1688 τήν
326 1628 362 1670 τε
381 1609 446 1688 γῆν
465 1598 578 1669 αιἐτοίυ
593 1606 737 1687 ἔταμνον
756 1601 812 1669 καλ
832 1603 1063 1688 προσέβαλλον

59 1694 142 1781 πρὸς
159 1692 194 1762 τό
210 1711 323 1783 τεῖχος.
343 1700 409 1766 Καὶ
419 1695 462 1765 οὐ
472 1695 538 1786 γάρ
551 1697 716 1767 ἐπαύοντο
727 1697 911 1786 σινόμενοι,
930 1701 1061 1785 εἰκοστῇ
1077 1710 1112 1764 87

59 1797 166 1885 ἡμέρη
180 1798 269 1876 έλεξε
282 1811 368 1866 τοισι
384 1804 559 1886 Θηβαίοισι
576 1802 795 1885 Τιμηγενίδης
808 1795 906 1866 τάδε·
923 1794 1063 1881 Ἀνδρες

61 1901 218 1981 Θηβαῖοι,
233 1892 401 1982 έπειδὴ”
358 1920 446 1964 ουτω
461 1898 613 1963 δέδοκται
627 1909 713 1964 τοῖσι
722 1892 867 1982 Ἐλλησι,
881 1893 925 1981 μὴ
940 1892 1063 1980 πρότε-

61 2016 123 2077 ρον
133 1989 362 2080 απαναστηναι
372 1987 686 2080 πολιορκέουταςη
686 1988 1065 2117 ξέλωσιΘὴβαςὴἡμέας
1122 2003 1124 2006 ’

60 2086 191 2157 αὐτοῖσι
205 2095 397 2178 παραδῶτε,
412 2117 478 2159 νυν
496 2082 544 2158 άν
557 2087 717 2178 ἡμέων”
685 2115 813 2158 εινεκευ
826 2095 869 2176 γὴ
885 2116 906 2176 η
893 2086 1065 2175 ’Βοιωτίη

60 2184 212 2255 πλέω
169 2213 215 2274 μη
236 2185 430 2280 άναπλὴση,
455 2187 531 2260 ἀλλ’
554 2194 584 2258 εἰ
603 2188 666 2276 μέν
684 2188 863 2308 χρημάτων
878 2193 1065 2275 χρηίζοντες

59 2283 235 2371 πρόσχημα
248 2283 350 2373 ἡμέας
365 2290 582 2374 ἐξαιτέονται,
595 2285 747 2375 χρήματά
758 2304 820 2372 σφι
831 2288 943 2372 δῶμεν
957 2286 993 2352 ἐκ
1003 2291 1066 2351 τοῦ

60 2389 180 2449 κοινοῦ
199 2383 276 2452 ’σὺν
288 2385 353 2472 γάρ
368 2393 414 2476 τῷ
429 2393 533 2477 κοινῷ
548 2389 604 2454 καί
618 2389 835 2473 ἐμηδίσαμεν,
850 2382 930 2453 οὐδὲ
943 2389 1066 2470 μοῦνοι

60 2477 184 2566 ἡμεῖς’,
218 2485 248 2548 εἰ
267 2483 303 2549 δὲ
324 2479 438 2569 ἡμέων
464 2479 617 2568 ἀληθέως
645 2480 798 2567 δεόμενοι
819 2481 1066 2566 πολιορκέουσι,

60 2575 154 2663 ἡμεῖς
167 2573 270 2664 ἡμέας
283 2577 408 2658 αὐτοὺς
421 2582 454 2658 ἐς
471 2576 664 2663 ἀντιλογίην
677 2572 873 2664 παρέξομεν.
901 2575 1018 2662 Κάρτα
1031 2598 1067 2640 τε

61 2679 154 2754 ἔδοξε
169 2668 209 2743 εὖ
219 2675 329 2762 λέγειν
339 2680 395 2746 καί
409 2681 443 2756 ές
456 2676 589 2763 καιρόν,
604 2672 724 2742 αὐτίκα
734 2698 770 2743 τε
780 2672 1067 2760 ἐπεκηρυκεύοντο

59 2772 147 2862 πρὸς
161 2781 361 2862 Παυσανίην
383 2781 419 2845 οἰ
436 2782 578 2864 Θηβαῖοι
599 2776 773 2854 ἐθέλοντες
795 2773 965 2842 ἐκδιδόναι
987 2768 1067 2848 τοὺς

59 2871 195 2960 ἀνδρας.
213 2869 273 2953 Ὡς
289 2873 325 2941 δὲ
338 2869 558 2960 ὡμολόγησαν
569 2873 622 2941 ἐπὶ
631 2869 790 2958 τοότοισι,
804 2869 992 2957 Ἀτταγῖνος
1002 2872 1065 2955 μὲν
1080 2885 1117 2940 88

60 2969 269 3058 ἐκδιδρήσκει
284 2973 320 3039 ἐκ
330 2976 392 3038 τοῦ
403 2967 531 3057 ἀστεος,
548 2975 667 3050 παῖδας
682 2971 719 3038 δὲ
734 2968 841 3038 αὐτοῦ
855 2968 1068 3057 ἀπαχθέντας

59 3074 255 3155 Παυσανίης
269 3064 415 3138 ἀπέλυσε
427 3075 486 3155 τῆς
498 3073 620 3156 αἰτίης,
644 3065 711 3155 φάς
723 3074 785 3136 τοῦ
801 3072 970 3155 μηδισμοῦ
988 3081 1068 3135 παῖ-

60 3172 121 3245 δας
135 3162 236 3234 οὐδὲν
250 3165 335 3235 εἰναι
348 3173 545 3254 μεταιτίους.
567 3165 648 3246 τοὺς
662 3165 699 3234 δὲ
709 3163 833 3245 ἀλλους
846 3165 973 3254 ἀνδρας
987 3164 1068 3245 τοὺς

60 3265 218 3344 ἐξέδοσαν
228 3268 263 3332 οί
270 3273 422 3353 Θηβαῖοι,
437 3268 473 3333 οἰ
483 3265 546 3352 μὲν
559 3263 697 3333 ἐδόκεον
711 3261 899 3352 ἀντιλογίης
913 3290 949 3332 τε
959 3263 1067 3352 κνρὴ·

59 3382 133 3431 σειν
149 3363 206 3430 καλ
224 3357 268 3449 δὴ
284 3363 428 3450 χρήμασι
443 3358 670 3432 ἐπεποίθεσαν
683 3364 908 3432 διωθέεσθαι·
934 3358 953 3431 ὁ
970 3362 1006 3430 δὲ
1025 3360 1071 3438 ὡς
