2378 3840
137 161 199 224 246
518 168 768 224 HERODOTI

85 327 96 344 '
136 331 312 412 μιστοκλέα
336 324 540 411 ἀπικόμενον
560 331 610 393 ἐπὶ
634 325 695 412 τὴν
717 352 776 393 νεα
798 336 901 412 είρετο
926 335 1141 414 Μνησίφιλος

136 421 221 508 ἀνὴρ
233 422 419 510 Ἀθηναῖος,
437 423 456 489 ὅ
468 450 498 490 τι
511 443 572 508 σφι
583 434 633 508 είη
645 428 922 510 βεβουλευμένον.
944 429 1141 514 πυθόμενος

135 525 170 589 δὲ
183 520 266 608 πρός
275 520 390 604 αὐτοῦ,
407 518 451 599 ὡς
463 530 512 606 είη
525 525 729 607 δεδογμένον
741 518 880 606 ἀνάγειν
894 520 952 601 τάς
967 527 1044 601 νέας
1056 522 1140 608 πρὸς

134 623 193 690 τόν
205 619 341 707 Ἰσθμὸν
353 624 406 688 καὶ
414 620 479 705 πρὸ
491 623 818 709 τῆςΠελοποννησου
830 625 1040 709 ναυμαχέειν,
1051 622 1138 692 εἶπε·

135 717 187 786 Οά
200 744 251 786 τοι
263 717 338 805 ἀρα,
357 714 400 805 ἦν
416 717 597 806 ἀπαείρωσι
609 719 668 798 τάς
678 723 755 799 νέας
767 717 831 787 ἀπὸ
842 730 1044 808 Σαλαμῖνος,
1058 721 1139 791 οὐδὲ

132 820 207 902 περὶ
218 824 294 904 μιῆς
304 823 351 885 ἔτι
364 824 520 902 πατρίδος
530 820 761 907 ναυμαχήσεις.
778 818 861 888 κατά
872 820 937 908 γάρ
949 821 1045 900 πόλις
1057 824 1137 889 ἕκα-

132 937 203 984 στοι
224 920 418 1005 τρέψονται,
449 922 504 986 καί
525 918 603 986 ούτε
625 923 729 1004 σφέας
752 918 966 1007 Εὐρυβιάδης
986 923 1137 1006 κατέχειν

131 1017 308 1104 δυνήσεται
324 1015 400 1085 οὔτε
411 1045 460 1096 τις
473 1012 668 1102 ἀνθρώπων
683 1017 783 1094 ἀλλος
795 1017 879 1085 ὥστε
890 1015 934 1105 μὴ
947 1015 988 1083 ού
999 1021 1136 1084 διασκε-

130 1119 298 1199 δασθῆναι
308 1113 370 1200 τὴν
382 1117 550 1202 στρατιήν,
560 1113 736 1184 ἀπολέεταί
744 1142 778 1184 τε
789 1113 934 1202 ἡἙλλάς
945 1113 1133 1204 άβονλίησι.

129 1209 204 1279 ἀλλ’
221 1221 253 1279 εί
264 1238 313 1291 τις
328 1218 395 1280 ἔστι
410 1215 550 1299 μηχανή,
561 1221 611 1279 ίθι
628 1212 683 1278 καί
697 1213 808 1299 πειρέο
817 1216 942 1297 διαχέαι
957 1210 997 1285 τά
1008 1219 1136 1299 βεβου-

128 1312 288 1396 λευμένα,
304 1307 346 1396 ἦν
358 1335 424 1388 κως
435 1311 521 1398 δύνη
534 1308 726 1396 ἀναγνῶσαι
739 1308 1135 1398 Εύρνβιάδηνμεταβον·

78 1422 113 1476 68
130 1407 314 1475 λούσασθαι
330 1408 413 1476 ὥστε
429 1399 534 1476 αύτοῦ
549 1413 688 1494 μένεειν.
719 1405 834 1492 Κάρτα
849 1406 888 1495 δὴ
907 1415 952 1498 τῷ
968 1416 1130 1492 Θεμιστο-

128 1510 200 1574 κλέι·
211 1505 310 1594 η’ρεσε
325 1506 346 1595 ἡ
362 1506 536 1594 ὑποθήκη,
553 1509 607 1574 καὶ
619 1504 720 1573 οὐδὲν
734 1504 819 1590 πρός
829 1513 932 1573 ταῦτα
943 1503 1134 1591 ἀμειψάμε-

127 1629 184 1680 νος
198 1601 249 1690 ἤϊε
264 1605 316 1671 ἐπὶ
331 1600 393 1690 τὴν
406 1605 465 1671 νέα
479 1600 540 1688 τὴν
552 1600 781 1689 Εὐρυβιάδεω.
803 1601 1004 1690 ἀπικόμενος
1016 1606 1054 1670 δὲ
1066 1609 1132 1688 ἔφη

125 1704 256 1770 ἐθέλειν
268 1705 302 1769 οί
309 1702 427 1770 κοινόν
438 1729 469 1770 τι
480 1709 615 1789 πρῆγμα
631 1700 796 1790 συμμῖξαι.
822 1701 839 1770 ὁ
855 1701 886 1770 δ’
901 1699 1005 1771 αύτδν
1023 1705 1057 1782 ἐς
1067 1701 1130 1789 τὴν

125 1806 184 1870 νέα
199 1806 329 1871 ἐκέλευε
344 1803 487 1890 ἐσβάντα
499 1807 619 1889 λέγειν,
635 1813 668 1872 εί
676 1831 708 1872 τι
721 1803 837 1871 ἐθέλει.
867 1808 1016 1870 ἐνθαῦτα
1032 1800 1050 1869 ὁ
1064 1812 1129 1870 Θε-

122 1905 316 1986 μιστοκλέης
336 1902 555 1987 παριζόμενός
573 1907 607 1970 οί
626 1908 797 1988 καταλέγει
819 1904 929 1971 ἐκεῖνά
950 1930 985 1970 τε
1005 1904 1130 1986 πάντα,

121 1999 160 2068 τά
178 2000 302 2087 ἤκουσε
324 2009 561 2088 Μνησιφίλου,
585 2006 713 2070 ἑωυτοῦ
734 2005 949 2090 ποιεύμενος,
972 2007 1027 2070 καὶ
1044 2001 1130 2069 ἀλλα

120 2099 225 2167 πολλά
242 2103 449 2187 προστιθεὶς,
466 2103 498 2179 ές
513 2099 532 2166 ὃ
547 2099 716 2187 ἀνέγνωσε
725 2108 866 2189 χρηίζων
878 2108 914 2170 ε”κ
928 2127 963 2168 τε
978 2109 1036 2188 της
1052 2101 1131 2180 νεός

120 2202 256 2285 ἐκβῆναι
277 2203 429 2279 συλλέξαι
444 2227 479 2267 τε
499 2198 578 2279 τούς
597 2198 802 2288 στρατηγούς
823 2205 855 2279 ές
875 2199 911 2271 τό,
933 2204 1127 2287 συνέδριον.

70 2315 105 2370 59
115 2294 173 2376 Ὠς
190 2303 225 2364 δὲ
240 2296 305 2382 ἀρα
321 2303 587 2384 συνελέχθησαν,
604 2301 684 2386 πρὶν
700 2296 722 2386 ἢ
737 2298 797 2366 τόν
810 2298 1029 2387 Εὐρυβιάδην
1041 2325 1129 2383 προ-

117 2407 229 2464 θεῖναι
242 2396 410 2484 τὸνλόγον
420 2406 487 2465 τῶν
499 2402 627 2468 εἵνεκεν
636 2402 806 2488 συνήγαγε
816 2400 894 2481 τούς
905 2402 1127 2488 στρατηγούς,

117 2493 238 2574 πολλός
249 2487 294 2585 ἦν
304 2493 614 2584 ὁθεμιστοκλέηςέν
625 2513 710 2567 τοῖσι
721 2499 851 2584 λόγοισι
863 2493 916 2566 οἷα
928 2498 1034 2585 κάρτα
1047 2501 1128 2566 δεό-

116 2619 223 2679 μενος.
248 2599 402 2681 λέγοντος
418 2596 454 2663 δὲ
469 2593 575 2670 αὐτοῦ
590 2595 608 2664 ὁ
626 2604 807 2684 Κορίνθιος
823 2595 1004 2684 στρατηγός
1016 2595 1127 2666 Ἀδεί-

43 2728 45 2731 ·
114 2719 238 2779 μαντος
252 2691 270 2762 ὁ
283 2692 426 2763 Ὠκύτου
444 2694 529 2763 εἰπε·
548 2689 587 2764 Ὠ
600 2697 847 2783 Θεμιστόκλεες,
864 2700 901 2765 ἐν
915 2711 999 2765 τοῖσι
1015 2694 1125 2781 ἀγῶσι

114 2796 148 2859 οἱ
158 2793 475 2879 προεξανιστάμενοι
485 2797 685 2882 ῥαπίζονται.
710 2793 776 2864 ὁδὲ
794 2793 1026 2882 ἀπολυόμενος
1038 2801 1123 2881 ἔφη·

64 2904 99 2957 60
116 2895 160 2959 OC
172 2892 211 2958 δέ
225 2918 263 2978 γε
280 2895 592 2980 ἐγκαταλειπόμενοι
608 2893 650 2978 ού
667 2901 919 2984 στεφανοῦνται.
957 2898 1040 2965 Τότε
1059 2899 1124 2984 μέν

113 2987 216 3076 ἠπίως
230 2989 314 3074 πρὸς
334 2991 394 3060 τόν
408 3000 597 3078 Κορίνθιον
614 2992 791 3084 ἀμείψατο,
812 2994 896 3081 πρός
917 2999 953 3065 δὲ
972 2995 1034 3063 τόν
1050 2997 1123 3065 Εὐ·

111 3087 380 3177 ρνβιάδηνέλεγε
397 3094 536 3160 ἐκείνων
550 3095 612 3180 μὲν
627 3091 738 3163 ούκέτι
754 3095 855 3164 ούδέν
868 3103 937 3163 τῶν
950 3096 1122 3183 πρότερον

110 3187 315 3272 λεχθέντων,
339 3185 383 3267 ὥς
403 3188 506 3258 ἐπεάν
527 3189 708 3276 ἀπαείρωσι
731 3191 796 3262 ἀπὸ
812 3204 1019 3282 Σαλαμῖνος,
1042 3201 1121 3264 δια-

109 3281 306 3369 δρήσονται·
327 3289 523 3376 παρεόντων
538 3291 603 3378 γάρ
614 3299 682 3359 τῶν
696 3293 880 3379 συμμάχων
895 3291 958 3361 οὐκ
970 3297 1076 3378 ἔφερέ
1087 3298 1122 3362 ol
1162 3373 1164 3379 .

100 3378 235 3465 κοσμον
247 3381 372 3452 οὐδένα
393 3394 624 3476 κατηγορέειν·
650 3387 668 3456 ὁ
692 3391 728 3458 δέ
750 3389 854 3458 ἀλλον
875 3390 981 3475 λόγοι·
998 3400 1117 3476 είχετο,
