2378 3840
312 201 396 256 LIB.
427 201 462 260 v.
498 198 757 260 entu-10.
1008 193 1027 261 7

38 361 104 422 τῶν
117 355 157 422 δὲ
169 355 299 441 πλῆθός
313 356 380 424 έστι
393 361 548 440 vovum
571 353 655 422 όστε
670 352 750 423 όταν
765 351 827 442 τὴν
839 365 954 442 δυρην
967 353 1030 440 την

38 447 250 536 ιαταπακτην
264 446 441 538 άνακλίνη,
456 457 559 518 κατίει
575 458 694 540 σχοίνρι
709 455 852 538 σπυρίδα
867 451 984 540 κεινὴν
995 453 1031 529 ές

38 543 97 632 τὴν
109 552 249 631 λίμνην,
270 548 325 614 καδ
342 544 383 612 οὐ
403 545 529 614 πολλόν
546 571 621 613 τινα
640 545 763 662 χρόιον
782 541 924 666 έπισχόν
942 546 1028 613 ιἰυα-

38 648 104 728 τπᾷ
124 641 253 729 πλήρεα
273 641 410 728 ίχδάων.
443 648 511 710 τόν
534 639 605 709 δ
590 641 720 727 ίχθιίων
744 644 810 708 ίστλ
833 642 931 726 γένεα
954 637 1027 723 δυό,

38 735 115 827 τοὺς
132 739 287 806 καλέουσι
304 739 480 825 πάπρακάς
493 765 528 806 τε
545 740 647 806 καδί
613 745 760 817 τίλωνας
793 738 952 807 Παιόνων
964 732 1073 821 μέν·
1046 739 1075 787 Π

38 832 73 921 δὴ
92 838 129 902 οί
141 832 393 920 χειρωθέντες”
369 860 491 922 ηγοντο
507 831 588 913 ές
553 861 614 920 την
631 831 758 920 Ἀσίην,
780 834 976 920 Μεγάβαζος
990 828 1025 898 δδ

38 928 80 1010 δς
96 931 292 1017 έχειριόσατο
306 930 385 1009 τούς
397 939 561 1018 Παίονας,
583 935 701 1018 πέμπει
722 929 882 1051 ἀγγέλους
898 932 931 1009 ές
946 932 1025 996 Ma·

38 1033 192 1114 ιεδονίην
210 1025 371 1114 άνδρας
354 1026 433 1096 επτά
453 1032 600 1113 Πέρσας,
626 1035 660 1096 οδ
676 1024 747 1113 μετ’
769 1024 874 1094 αὐτόν
898 1028 1025 1093 έκετνον

38 1119 122 1212 ἦσαν
139 1123 356 1210 δοκιμώτατα
370 1127 406 1192 έν
419 1151 464 1241 τρι
451 1130 695 1216 στρατοπέδῳ.
717 1126 898 1211 ἐπέμποντο
913 1110 1005 1189 δὲ
964 1146 1025 1188 ου·

38 1246 88 1289 τοι
99 1244 168 1305 παρ
171 1215 357 1306 ’Ἀμύντην
377 1220 563 1306 αἰτήσοντες
583 1227 647 1308 γῆν
663 1223 765 1288 τεκαὶ
786 1219 878 1307 ὕδωρ
892 1224 1024 1340 Δαρείω

38 1320 171 1389 malit.
187 1318 1024 1436 ἔστιδὲέκτῆςΠρασιάδοςλίμνηςσόντομοςκάρτα

38 1415 64 1491 λς
85 1408 150 1498 τὴν
164 1417 389 1500 Μακεδονίην.
422 1422 536 1500 πρῶτα
555 1413 673 1501 μὲν
633 1441 697 1502 γαρ
713 1421 818 1502 έχεται
837 1421 894 1500 τῆς
907 1421 1024 1500 λίμνης

38 1507 69 1576 ιδ
86 1511 369 1596 μέταλλον,έκτοῦ
387 1509 526 1595 ὕστερον
541 1513 670 1580 τούτων
683 1512 846 1581 τάλαντον
859 1510 1023 1598 ἀργυρίου

38 1607 233 1698 Αλεξάνδρμ
251 1604 375 1695 ἡμέρης
390 1609 526 1694 ἑκάστης
545 1612 675 1696 ἐφοίτα,
697 1606 778 1695 μετά
794 1609 830 1676 δέ
851 1604 889 1675 τό
904 1608 1023 1693 μέταλ-

38 1712 93 1771 λον
111 1702 280 1788 Δύσωρον
307 1703 508 1791 καλεόμενον
535 1699 636 1792 οὖρος
660 1704 843 1792 ὑπερβάντι
876 1703 960 1772 είναι
986 1707 1022 1772 έν

38 1805 238 1889 Μακεδονίη,
283 1806 327 1870 Οί
341 1794 389 1868 όν
402 1806 528 1889 Πέρσαι
548 1808 582 1871 οί
599 1803 807 1889 πεμφθέντες
823 1792 916 1869 οὗτοι
931 1797 1020 1887 παρά
1038 1822 1069 1869 ιε

38 1893 91 1964 ιδν
99 1893 266 1984 Ἀμόντην
283 1895 327 1976 ὡς
341 1895 515 1985 άπίκοντο,
529 1908 640 1967 αίτεον
654 1897 810 1977 ἐλθόντες
824 1900 857 1976 ἐς
870 1895 948 1977 όιριν
960 1895 1022 1983 την

38 1994 195 2081 ιίμόντεω
208 2002 341 2086 Δαρείῳ
354 1999 483 2083 βασιλέι·
500 2004 565 2082 γῆν
583 1998 687 2064 τεκαὶ
701 1995 802 2083 ὕδωρ.
832 1992 851 2062 ὁ
868 1992 905 2062 δέ
917 1994 1021 2061 ταῦτά

38 2117 64 2158 ιε
79 2093 193 2158 ἐδίδου
207 2098 265 2159 καί
275 2112 378 2178 σφεας
392 2095 445 2164 ἐπὶ
459 2096 561 2173 ξείνια
575 2097 703 2180 καλέει,
725 2091 1021 2182 παρασκευασάμε-

38 2214 88 2267 ιος
103 2189 140 2254 δέ
154 2192 289 2256 δείπνου
299 2191 542 2277 μεγαλοπρεπές
552 2192 679 2259 ἐδέκετο
690 2188 769 2269 τοδς
778 2191 908 2277 Πέρσας
923 2198 1020 2275 φιλο-

38 2284 174 2367 ρρόνως.
198 2282 242 2364 ὡς
253 2283 364 2353 δὲάπδ
376 2291 512 2355 δείπνου
523 2290 909 2373 ἐγένοντο,ιδιαπίνοντες
924 2283 1020 2353 εἶπαν
1071 2306 1075 2311 ·

38 2387 62 2446 ιί
76 2381 203 2466 Πέρσαι
219 2379 314 2449 τάδε·
345 2386 440 2459 Ξεῖνε
450 2381 635 2469 Μακεδών,
649 2380 728 2470 ἡμῖν
738 2384 841 2470 νόμος
855 2383 922 2450 έστί
935 2394 1019 2449 τοῖσι

38 2478 193 2564 Πέρσησι,
214 2475 314 2553 ἐπεάν
334 2483 470 2548 δείπνου
491 2481 731 2569 προτιθώμεθα
747 2483 847 2566 μέγα,
868 2479 942 2548 τότε
964 2480 1019 2546 καί

38 2571 87 2651 :ite
112 2571 280 2653 παλλακάς
303 2577 358 2642 καὶ
382 2575 440 2655 τάς
463 2581 633 2662 κουριδίας
655 2589 815 2661 γυναῖκας
840 2574 1019 2659 ἐσάγεσθαι

38 2671 231 2754 παρέδρους·
261 2670 306 2739 ου’
326 2698 407 2756 νυν,
447 2674 582 2753 ἐπείπερ
606 2669 849 2759 προθύμωςὲ
810 2698 833 2756 μ
851 2696 871 2736 ν
896 2670 1017 2754 ἐδέξαο,

38 2767 180 2891 ιεγάλως
198 2766 234 2835 δέ
254 2768 415 2853 ξεινίζεις,
436 2773 538 2848 διδοῖς
557 2794 593 2836 τε
608 2773 739 2856 βασιλέι
750 2774 883 2884 Δαρείςρ
901 2774 966 2852 γῆν
982 2786 1016 2832 τε

38 2893 81 2933 ιαι
70 2859 212 2950 υδωρ,
234 2864 310 2933 έπεο
332 2868 424 2958 νόμω
444 2893 489 2934 τω
511 2864 666 2957 ημετέρω
711 2865 793 2934 Εἴτε
814 2862 898 2951 πρός
916 2868 1018 2930 ταῦτα

38 2961 202 3050 ίμόυτης·
236 2953 276 3030 Ὦ
290 2967 432 3052 Πέρσαι,
453 2963 555 3049 νόμος
574 2960 666 3049 μέν’
648 2977 729 3050 ημῖν
748 2967 790 3048 γέ
799 2957 919 3029 ἐστι’
880 2986 942 3027 ουκ
957 2951 1018 3024 οὗ·

38 3085 91 3183 ρς,
107 3056 192 3127 ἀλλά
204 3066 403 3148 κεχωρίσθαι
414 3059 735 3147 άνδραςγυναικῶν
756 3058 862 3125 ἐπείτε
877 3053 941 3123 δέ
923 3069 1017 3140 υμεῖς

38 3160 137 3237 όντες
158 3159 313 3227 δεσπόται
336 3166 564 3246 προσχρηίζετε
583 3159 728 3243 τούτων,
756 3158 913 3240 παρέσται
936 3152 1018 3240 υμῖν

38 3259 77 3326 αὶ
91 3263 207 3325 ταῦτα.
237 3256 330 3336 είπας
343 3264 487 3326 τοσαῦτα
503 3256 521 3325 ὁ
539 3255 700 3343 Ἀμύντης
715 3256 938 3342 μετεπέμψατο
958 3252 1017 3334 τὰς

38 3368 193 3432 υνατκας.
222 3355 259 3422 αι’
273 3353 304 3424 δ’
324 3359 396 3425 έπεί
412 3353 447 3423 ie
463 3359 660 3442 καλεόμεναι
676 3347 801 3441 ἦλθον,
823 3357 935 3438 ἐπεξῆς
955 3353 1016 3420 ἆυ-
