2378 3840
353 172 433 228 ωε.
471 173 534 231 vm.
569 153 660 230 w.
697 180 834 230 ει-ιι,
997 169 1060 232 245

56 346 192 429 ρίπτεον
209 339 353 420 έωντοός
366 339 450 408 κατὰ
464 346 527 409 τοῦ
539 351 663 430 τείχεος
674 344 762 412 κάτω
777 343 832 409 καὶ
847 347 1061 430 διεφθείρον-

54 467 104 527 το,
123 445 159 510 οί
173 440 211 509 δὲ
229 444 262 522 ές
280 439 316 509 τό
327 443 475 530 μέγαρον
488 445 705 531 κατέφευγον.
725 447 793 513 τῶν
808 442 845 510 δὲ
854 444 1015 532 Περσέων
1030 449 1064 510 oc

54 541 294 630 ἀναβεβηκότες
318 543 531 631 πρῶτονμὲν
549 543 729 632 ἐτράποντο
754 541 837 634 πρὸς
860 541 920 624 τοὶς
943 544 1064 629 πόλος,

53 643 175 722 ταότας
189 643 227 712 δέ
240 640 431 724 ἀνοίξαντες
443 644 522 724 τούς
541 645 648 724 ίκέτας
667 646 838 734 ἐφόνευον·
859 646 931 713 έπελ
949 645 990 712 δέ
1005 664 1064 731 σφι

54 744 174 825 πάντες
183 745 422 834 κατέστρωντο,
434 744 471 815 τό
488 745 564 834 ίρόν
580 745 782 832 συλήσαντες
797 747 985 833 ἐνέπρησαν
997 747 1063 812 ποῖ-

55 867 119 915 σαν
139 873 201 933 την
224 843 415 936 ἀκρόπολιν.
448 847 552 934 Σχοδν
574 848 612 916 δὲ
636 848 821 924 παντελέως
844 845 903 924 τὰς
918 843 1060 930 Ἀθήνας
1078 862 1113 912 54

54 948 179 1035 Ξέρξης
197 945 370 1034 ἀπέπεμψε
394 949 427 1025 ές
446 952 565 1019 Σοῦσα
588 947 731 1035 ἄγγελον
756 947 858 1015 ίππέα
873 940 1064 1034 Ἀρταβάνῳ

55 1045 255 1132 ἀγγελέοντα
272 1045 334 1133 τὴν
352 1049 545 1135 παρεοῦσάν
563 1070 622 1137 σφι
640 1045 833 1137 εὐπρηξίην.
861 1043 927 1112 ἀπὸ
949 1045 987 1113 δὲ
1005 1051 1063 1130 τῆς

55 1148 196 1274 τέρψιος
212 1148 273 1214 τοῦ
291 1145 435 1236 κήρυκος
453 1151 593 1239 δευτέρη
610 1147 718 1238 ἡμέρη
737 1145 945 1232 συγκαλέσας
961 1140 1064 1267 Ἀθη-

55 1253 162 1314 ναίων
173 1246 252 1326 τούς
265 1246 433 1334 φνγόδας,
448 1249 561 1339 ἑωυτῷ
574 1250 644 1318 δέ
627 1250 820 1336 επομένους,
840 1246 971 1314 έκέλενε
983 1244 1063 1333 τρό-

55 1373 108 1438 προ
122 1375 168 1438 τῳ
156 1348 351 1470 σφετέρῳ
344 1350 450 1417 θῦσαι
466 1375 507 1416 τα
522 1355 578 1438 ίρα
568 1348 781 1435 ἀναβάντας
796 1345 879 1426 ἐς
842 1372 903 1431 την
916 1343 1066 1433 ἀκρόπο-

54 1457 120 1535 λιν,
136 1457 202 1516 είτε
215 1437 296 1535 δη
272 1474 318 1515 ων
332 1445 411 1529 όνιν
424 1448 498 1517 τινὰ
514 1450 597 1518 ίδωυ
611 1453 773 1518 ἐνυπνίου
789 1446 973 1515 ἐνετέλλετο
982 1449 1066 1513 ταῦ-

53 1575 140 1634 τα,ε
143 1558 189 1616 ίτε
143 1549 263 1616 ίκαὶ
278 1546 441 1671 ἐνθύμιόν
454 1553 489 1617 οί
501 1550 630 1635 ἐγένετο
649 1548 854 1636 ἐμπρησαντι
869 1572 907 1613 το
897 1544 1007 1633 ίρόν.
1035 1549 1070 1613 οί

57 1647 95 1714 δε
119 1645 268 1736 φυγάδες
290 1651 360 1714 τῶν
374 1645 564 1735 Ἀθηναίων
590 1651 750 1736 ἐποίησαν
774 1676 814 1716 τα
804 1644 1066 1731 ἐντεταλμένα.

61 1753 130 1816 Τοῦ
148 1746 186 1815 δέ
205 1750 332 1816 εἵνεκεν
349 1746 478 1815 τούτων
493 1748 717 1836 ἐπεμνήσθην,
736 1747 863 1836 φράσω.
893 1752 962 1813 ἔστι
976 1749 1012 1812 έν
1024 1751 1067 1833 τῇ
1084 1762 1118 1813 55

56 1845 217 1935 ἀκροπόλι
228 1845 334 1934 ταότη
346 1842 517 1935 Ἐρεχθέος
530 1855 590 1916 τοῦ
607 1850 764 1934 γηγενέος
782 1847 964 1932 λεγομένου
984 1844 1068 1912 εἶναι

57 1946 156 2033 νηός,
183 1949 219 2013 έν
235 1950 282 2037 τῷ
302 1949 394 2033 ἐλαίη
412 1975 448 2016 τε
465 1949 521 2016 καὶ
538 1946 692 2017 θάλασσα
710 1953 780 2032 ένι,
804 1945 845 2013 τό
869 1945 968 2030 λόγος
992 1942 1065 2029 παρ’

54 2048 244 2134 Ἀθηναίων
258 2048 474 2116 Ποσειδέωνά
491 2048 590 2117 τεκαὶ
603 2045 789 2136 Ἀθηναίην
804 2050 978 2133 ἐρίσαντας
992 2047 1068 2133 περὶ

57 2155 114 2236 τῆς
133 2145 240 2236 χιόρης
253 2145 418 2236 μαρτόρια
436 2149 567 2217 θέσθαι.
595 2147 719 2236 ταότην
734 2141 782 2215 ὧν
795 2146 856 2233 τὴν
872 2149 987 2232 ἐλαίην
1001 2141 1069 2232 ἅμα

57 2277 104 2340 τῳ
90 2248 240 2339 &impl
240 2276 288 2338 ρω
274 2247 458 2335 κατέλαβε
469 2245 733 2418 έμπρησθηναι’
712 2246 781 2317 υπὸ
791 2253 858 2315 τῶν
871 2244 1067 2334 βαρβάρων·

59 2349 199 2436 δευτέρη
214 2347 251 2415 δέ
260 2344 400 2436 ημέρη’
381 2373 447 2417 απο
457 2377 515 2449 της
530 2349 708 2472 ἐμπρήσιος
719 2347 960 2435 Ἀθηναίωνοί
970 2345 1068 2421 θύειν

57 2473 126 2516 υπο
116 2446 291 2532 βασιλέος
301 2434 551 2537 κελευόμενοι’
528 2476 572 2529 ως
581 2447 749 2534 ανέβησαν
764 2451 796 2527 ἐς
812 2475 847 2516 το
837 2444 990 2533 ’ίρόν,”’
965 2473 1071 2533 ωρεον

58 2537 233 2632 βλαστόνέ
232 2573 253 2613 κ
262 2572 323 2614 του
309 2547 536 2634 ”στελέχεος”
516 2569 596 2616 οσον
606 2575 641 2616 τε
654 2561 821 2635 πηχυαῖον
835 2545 1069 2633 ἀναδεδραμη-

59 2646 149 2716 κότα.
181 2637 285 2717 Ουτοι
301 2647 363 2733 μέν
380 2675 447 2716 νυν
464 2655 569 2716 ταῦτα
588 2655 746 2735 ἔφρασαν.

138 2751 185 2818 Οί
200 2747 236 2815 δέ
257 2748 293 2814 έν
306 2745 650 2836 ΣαλαμίνιἝλληνες,
670 2746 715 2828 όές
734 2767 794 2834 σφι
812 2746 1006 2832 ἐξηγγέλθη,
1026 2740 1070 2824 ὥς
1088 2763 1122 2816 56

60 2856 134 2935 ἔσχε
151 2845 191 2916 τὰ
210 2847 287 2935 περὶ
300 2845 364 2934 την
378 2844 549 2936 Ἀθηνέων
566 2846 761 2936 ἀκρόπολιν,
776 2849 814 2927 ’ές
831 2849 992 2916 τοσοῦτον
1005 2846 1071 2913 θό-

60 2955 166 3034 ρυβον
184 2942 357 3034 ἀπίκοντο,
372 2946 455 3017 ὥστε
473 2954 555 3018 ἐνιοι
571 2954 639 3018 τῶν
653 2951 847 3036 στρατηγῶν
860 2944 941 3016 οὐδὲ
958 2973 1070 3034 κυρω-

60 3053 163 3133 θῆναι
181 3053 300 3136 έμενον
325 3047 362 3116 τό
386 3056 607 3138 προκείμενον
625 3055 779 3138 πρῆγμα,
802 3041 873 3115 ἀλλ’
900 3051 935 3125 ές
956 3042 1070 3126 τετιλς

61 3149 140 3227 νέας
165 3148 340 3216 ἐσέπιπτον
361 3151 417 3217 καὶ
442 3153 531 3218 ίστία
556 3148 707 3238 ἠείροντο
731 3144 775 3228 ὥς
793 3145 1071 3234 ἀποθευσόμενοι.

61 3253 152 3316 τοῖσί
166 3273 201 3342 τε
218 3246 507 3337 ὑπολειπομένοισι
526 3247 639 3319 αὐτῶν
666 3248 822 3337 ἐκυρώθη
846 3244 911 3336 πρό
929 3252 990 3315 τοῦ
1006 3241 1071 3316 Ἰσ-

63 3352 157 3435 θμοῦ
171 3348 379 3433 ναυμαχέειν.
404 3349 467 3430 νόξ
484 3377 520 3419 τε
534 3353 674 3436 ἐγίνετο,
691 3349 748 3417 καὶ
762 3354 798 3416 οί
809 3348 1022 3426 διαλυθέντες
1037 3350 1072 3414 έκ

61 3454 121 3515 τοῦ
142 3450 325 3535 συνεδρίου
337 3447 508 3534 ἐσέβαινον
527 3453 559 3532 ἐς
577 3448 638 3530 τοὶς
660 3449 752 3530 νέας.
772 3443 953 3517 'amm
964 3445 1086 3523 mse-
1101 3461 1142 3500 m
