2378 3840
113 192 155 254 92
485 193 733 252 HERODOTl

108 354 169 440 μέν
190 358 222 420 οί
236 357 352 420 πολλοὶ
372 358 507 438 λέγουσι
524 351 708 440 Ἑλλήνων,
733 351 784 420 ὅτι
800 353 862 440 τήν
876 360 1014 440 Πυθίην
1035 351 1110 423 άνέ·

108 471 216 536 γνωσε
230 447 269 515 τά
285 452 360 536 περὶ
371 451 577 536 Δημάρητον
589 452 753 536 γενόμενα
764 456 891 538 λέγειν,
909 449 953 530 ὡς
964 455 1000 518 δὲ
1012 449 1108 537 Ἀθη-

109 565 196 618 ναῖοι
210 552 362 635 λέγουσι,
379 549 465 617 διότι
481 552 513 630 ές
525 548 696 620 Ἐλευσῖνα
710 550 862 639 έσβαλόιν
878 559 985 636 ἒκειρε
1005 550 1042 621 τό
1061 557 1105 620 τέ-

108 674 207 735 μενος
222 655 288 714 τῶν
303 653 412 733 θεῶν,
431 645 476 726 ὡς
490 649 526 715 δέ
540 645 697 736 Ἀργεῖοι,
712 647 763 716 ὅτι
780 653 813 729 ἐξ
829 655 906 736 ίροῦ
923 648 1036 717 αὐτῶν
1052 657 1112 718 τοῦ

109 746 234 834 ’Ἀργοο
246 745 404 832 Ἀργείων
414 743 493 824 τοδς
505 745 762 834 καταφυγόντας
776 752 812 816 έκ
824 755 881 835 τῆς
895 748 1001 835 μάχης
1011 774 1114 816 κατα-

107 847 229 931 γινέων
244 846 423 912 κατέκοπτε
437 847 492 912 καὶ
507 842 588 912 αὐτὸ
603 843 640 913 τδ
653 843 754 924 ἄλσος
770 851 808 913 έν
821 844 940 935 άλογίη
955 853 1041 934 ἔχων
1057 850 1114 915 έν-

61 957 94 1012 76
111 945 240 1028 έπρησε.
268 945 448 1028 Κλεομένει
460 939 525 1031 γάρ
540 945 776 1036 μαντευομένῳ
788 947 824 1012 έν
835 954 1001 1032 Δελφοῖσι
1016 945 1113 1033 ἐχρή-

108 1049 174 1126 σθη
184 1038 304 1124 Ἀργος
319 1041 479 1128 αίρήσειν.
523 1043 631 1109 ἐπείτε
650 1040 687 1109 δέ
700 1043 913 1129 Σπαρτιήτας
927 1042 1021 1129 ἄγων
1035 1040 1114 1109 αἰεί·

108 1165 182 1208 κετο
211 1143 263 1207 ἐπὶ
284 1138 435 1226 ποταμὸν
457 1138 646 1228 Ἐρασίνον,
672 1139 709 1221 δς
733 1147 862 1227 λέγεται
888 1146 977 1231 δέειν
999 1144 1036 1210 έκ
1056 1148 1112 1227 τῆς

108 1242 343 1324 Στυμφηλίδος
354 1245 471 1325 λίμνης
478 1236 554 1328 (τήν
565 1235 629 1325 γάρ
642 1237 682 1325 δή
694 1246 812 1326 λίμνην
823 1238 949 1325 ταύτην
959 1241 993 1319 ές
1003 1237 1112 1325 χάσμα

108 1333 234 1419 άφανλς
249 1337 448 1404 ἐκδιδοῦσαν
459 1334 709 1422 ἀναφαίνεσθαι
723 1339 761 1403 ἐν
766 1335 889 1424 Ἀργει,
902 1335 939 1404 τδ
951 1337 1109 1403 ἐνθεῦτεν

109 1432 187 1502 δέτδ
196 1433 288 1521 ὕδωρ
298 1432 361 1522 ήδη
372 1443 470 1504 τοῦτο
483 1433 541 1503 ὑπ’
554 1433 712 1522 Ἀργείων
723 1432 895 1523 Ἐρασίνου
907 1430 1112 1518 καλέεσθαι),

109 1530 311 1619 ἀπικόμενος
324 1530 357 1600 δ’
375 1527 423 1601 όν
437 1532 456 1603 ὁ
471 1535 660 1621 Κλεομένης
682 1535 735 1602 ἐπὶ
751 1531 811 1601 τόν
827 1528 978 1618 ποταμόν
992 1537 1111 1598 τοῦτον

109 1632 322 1717 ἐσφαγιάζετο
340 1629 440 1724 αὐτῷ.
468 1635 523 1701 καλ
539 1629 659 1720 οὐγὰρ
677 1629 831 1719 οὐδαμῶς
851 1636 1020 1724 Ιέκαλλίρεε
1039 1634 1112 1697 δια-

108 1736 238 1818 βαίνειν
252 1755 327 1815 μιν,
348 1727 495 1816 ἄγασθαι
510 1732 572 1817 μέν
588 1737 653 1818 ἔφη
674 1737 735 1798 τοῦ
749 1729 922 1816 Ἐρασίνου
937 1727 978 1797 οὐ
995 1732 1114 1815 προδι-

108 1827 226 1906 δόντος
242 1824 321 1906 τοδς
340 1829 515 1916 πολιήτας,
533 1827 701 1915 Ἀργείους
717 1831 832 1915 μέντοι
846 1825 920 1896 οὐδ’
938 1823 981 1906 οδς
995 1823 1115 1914 χαιρή-

108 1945 188 1993 σειν.
218 1922 299 2011 μετά
315 1927 468 1995 δὲταῦτα
484 1928 734 2015 ἐξαναχωρήσας
751 1925 813 2014 τήν
834 1923 993 2015 στρατιήν
1011 1924 1114 2010 κατή-

108 2049 188 2109 γαγε
206 2025 238 2101 ές
255 2025 405 2110 Θυρέην,
421 2027 693 2112 σφαγιασάμενος
707 2025 744 2093 δὲ
757 2033 797 2114 τῇ
811 2024 969 2113 θαλάσση
985 2030 1115 2106 ταῦρον

108 2126 255 2190 πλοίοισί
271 2139 376 2208 σφεας
395 2121 499 2210 ήγαγε
519 2129 553 2202 ἐς
573 2149 607 2192 τε
628 2122 690 2210 τήν
715 2131 904 2211 Τιρυνθίην
924 2121 1039 2209 χάρην
1059 2124 1115 2189 καὶ

62 2237 93 2293 77
111 2226 297 2306 Ναυπλίην.
339 2219 479 2310 Ἀργεῖοι
508 2220 540 2292 δ’
562 2220 712 2310 ἐβόθεον
735 2221 991 2308 πυνθανόμενοι
1008 2227 1114 2288 ταῦτα

108 2321 160 2387 ἐπὶ
173 2317 359 2386 θάλασσαν.
388 2315 432 2398 ὡς
447 2320 483 2388 δὲ
497 2319 601 2407 άγχοδ
614 2323 677 2408 μέν
692 2322 842 2406 ἐγίνοντο
856 2325 913 2404 τῆς
931 2323 1114 2403 Τίρυνθος,

106 2416 203 2507 χόρφ
215 2417 251 2484 δέ
262 2418 299 2484 ἐν
309 2417 416 2510 τοότφ
428 2425 473 2508 τῷ
485 2422 591 2487 κέεται
602 2416 761 2505 ἡΣήπεια
772 2413 912 2501 οὔνομα,
919 2420 1114 2502 μεταίχμιον

108 2513 239 2601 οόμῖγα
248 2513 467 2597 ἀπολιπόντες
478 2521 586 2598 ἵζοντο
596 2514 704 2585 άντίοι
715 2517 1111 2598 τοῖσιΛακεδαιμονίοισι.

108 2617 256 2683 ἐνθαῦτα
271 2612 311 2702 δή
328 2620 361 2684 οί
375 2613 517 2703 Ἀργεῖοι
532 2613 594 2703 τήν
611 2620 674 2704 μέν
690 2620 727 2683 έκ
748 2620 809 2683 τοῦ
829 2618 982 2701 φανεροῦ
1001 2611 1113 2699 μάχην

107 2709 169 2779 οὐκ
185 2713 375 2798 ἐφοβέοντο,
391 2712 474 2782 ἀλλὰ
486 2712 531 2801 μή
545 2715 632 2806 δόλφ
644 2714 831 2800 αίρεθέοισι.
855 2708 986 2799 καὶγὰρ
998 2711 1113 2798 δήσφι

108 2810 140 2886 ές
161 2815 259 2876 τοῦτο
280 2806 317 2875 τδ
344 2816 479 2898 πρῆγμα
501 2810 565 2898 εἶχε
587 2811 624 2880 τό
650 2811 869 2899 χρηστήριον,
900 2809 937 2878 τό
959 2811 1112 2877 ἐπίκοινα

108 2915 222 2994 ἔχρησε
237 2905 257 2994 ἡ
274 2915 389 2997 Πυθίη
404 2911 555 2980 τούτοισί
567 2938 602 2980 τε
618 2915 673 2980 καλ
688 2916 899 2997 Μιλησίοισι,
917 2913 1016 2995 λέγον
1030 2899 1110 2977 ὦδε·

145 3007 231 3078 Ἀλλ’
250 3008 331 3077 όταν
345 3009 365 3099 ἡ
381 3012 502 3101 θήλεια
519 3011 579 3081 τόν
595 3012 719 3101 ἄρσενα
734 3009 898 3096 νικήσασα

145 3107 297 3195 Ἐξελάση
312 3113 367 3177 καὶ
381 3117 483 3191 κῦδος
497 3115 534 3181 έν
546 3110 741 3198 Ἀργείοισιν
755 3107 884 3194 ἄρηται,

151 3205 280 3286 Πολλάς
291 3206 449 3297 Ἀργείων
465 3211 699 3301 ἀμφιδρυφέας
712 3209 786 3277 τότε
800 3207 909 3295 θήσει.

140 3305 202 3384 ’Ὡς
216 3311 297 3376 ποτέ
308 3336 356 3387 τις
372 3312 456 3396 ἐρέει
471 3315 526 3379 καλ
541 3302 998 3395 έπεσσομένων’άνθριιίιων·

150 3402 270 3486 Δεινός
286 3407 364 3490 ὄφις
380 3408 561 3494 τριέλικτος
578 3406 728 3475 άπιόλετο
742 3407 840 3490 δουρὶ
855 3408 1046 3488 δαμασθείς.
