2378 3840
318 179 408 236 ιιε.
437 179 483 234 v1.
519 177 619 234 σεε.
654 179 737 234 19-
751 179 796 232 τι.
1017 166 1062 236 69

56 363 139 430 σαν,
153 339 222 412 σδν
236 341 276 409 δέ
283 358 346 426 σφι
360 342 539 422 Μιλησίων
553 337 588 402 οἱ
600 309 851 418 ἐκπεφευγότες.
879 323 977 400 Ἐν’
950 359 977 422 φ
990 357 1061 399 τοι·
1076 345 1110 399 23

55 440 139 509 όνδε
148 436 192 526 δή
204 463 238 505 τι
251 437 430 523 συνήνεικε
440 434 616 520 γενέσθαι·
638 430 763 515 Σάμιοι
773 427 839 517 γάρ
850 401 1063 515 κομιζόμενοι

56 540 90 619 ές
109 541 272 621 Σικελίην
291 537 441 623 ἐγίνοντο
460 534 497 600 ἐν
511 539 671 615 Λοκροῖσι
691 541 777 597 τοῖσι
793 525 1062 646 Ἐπιζεφυρίοισι,

54 643 114 707 καλ
122 643 304 722 Ζαγκλαῖοι
317 629 416 702 αύτοί
422 656 458 699 τε
468 626 551 698 καλ’
536 655 555 697 ο
566 623 723 716 βασιλεὺς
734 622 904 715 αὐτόν,
873 631 919 691 τω
932 621 1063 708 ούνομα

57 729 261 824 ἦνΣκύδης,
268 729 483 815 περικατέατο
496 726 598 795 πόλιν
607 728 836 792 τύνΣικελύν
845 724 968 802 ἐξελεῖν
979 728 1064 808 βου·

57 832 203 907 λόιιενοι.
221 824 344 914 μαθδν
355 827 392 895 δὲ
402 833 535 895 ταῦταο
522 821 674 908 Ἡγγίον
684 820 851 908 τύραννος
859 817 1063 903 Ἀναξίλεως,

55 927 142 996 ὥστε
152 925 265 996 έων
225 952 300 996 τοτε
309 925 469 1014 διαφορος
478 938 564 994 τοίσι
571 929 799 1009 Ζαγκλαίοισι,
808 924 972 1009 συμμίξας
979 935 1067 989 τοῖσι

56 1034 216 1114 Σαμιοισι
222 1020 447 1111 αναπείδει,
422 1053 467 1105 ως
474 1051 582 1112 χρεων
590 1033 641 1110 είη
648 1019 765 1109 Καλην
774 1019 958 1110 μὲνάκτην,
968 1019 1044 1088 ἐπ’“
1023 1049 1066 1107 ην

58 1128 209 1209 ἔπλωον,
224 1127 284 1194 έᾶν
296 1131 434 1212 χαίρειν,
448 1121 511 1209 την
524 1127 561 1191 δέ
571 1124 727 1208 Ζάγκλην
742 1135 834 1210 σχεῖν
848 1125 972 1192 έοῦσαν
986 1124 1065 1208 ἐρῆ-

58 1245 127 1308 μον
142 1219 286 1311 ἀνδρῶν.
313 1227 528 1309 πειθομένων
548 1220 584 1288 δὲ
601 1226 669 1287 τῶν
685 1228 826 1307 Σαμίων
845 1224 901 1288 καλ
915 1221 1064 1307 σχόντων

57 1314 122 1405 τὴν
131 1319 289 1409 Ζάγκλην
303 1324 452 1391 ἐνδαντα
466 1346 484 1389 ο
486 1315 726 1406 ίΖαγκλαῑοι’
704 1346 748 1398 ως
763 1317 933 1388 ἐπύθοντο
950 1321 1065 1406 ἐχομέ-

57 1441 125 1502 νην
139 1413 202 1503 τὴν
215 1419 317 1501 πόλιν
330 1422 482 1505 έωικόν,
507 1415 659 1504 ἐβάθεον
677 1415 762 1537 αὕτη
747 1422 831 1486 καλ
846 1421 1064 1486 ἐπεκαλέοντο

52 1509 320 1597 Ἱπποκράτεα
287 1541 348 1584 τον
360 1519 465 1600 Γέλης
481 1517 668 1603 τύραννον
690 1506 734 1600 ἦν
747 1538 813 1599 γαρ
831 1511 873 1634 δη
890 1533 951 1601 σφι
966 1505 1064 1592 οὗτος

58 1609 239 1695 σύμμαχος.
281 1611 391 1680 δπείτε
410 1612 447 1680 δέ
462 1609 592 1680 αύτοϊσι
607 1610 696 1679 καὶ
682 1637 700 1680 ο
711 1610 931 1699 Ιπποκράτης
945 1609 1011 1680 σύν
1025 1618 1065 1700 τῇ

59 1715 196 1796 στρατιῇ
209 1734 271 1796 ηκε
296 1705 456 1797 βωδόων,
471 1710 674 1797 Σκύδηνδ
634 1738 657 1797 μ
675 1737 697 1777 ν
713 1709 773 1777 τόν
788 1711 984 1797 μούναρχον
996 1736 1065 1778 των

57 1811 256 1891 Ζαγκλαίων
267 1804 312 1887 ὡς
321 1806 536 1897 ἀποβαλόντα
549 1805 612 1895 τὴν
626 1808 726 1876 πόλιν
741 1807 989 1897 ὁἹιιποκράτης
1004 1833 1065 1876 πε-

57 1902 177 1990 δήσας,
194 1905 250 1972 καλ
264 1903 325 1972 τδν
344 1903 511 1991 ἀδελφεόν
526 1902 632 1974 αὐτοῦ
645 1910 862 1994 Πνδογένεα,
886 1910 919 1986 ές
927 1906 1065 1977 Ἴνυκον

56 2003 160 2072 πόλιν
175 2000 363 2093 ἀπέπεμψε,
383 2002 463 2086 τούς
476 2006 513 2075 δὲ
532 2004 672 2086 λοιπούς
686 2012 894 2093 Ζαγκλαίους
910 2013 1066 2074 κοινολο-

31 2154 33 2158 .
55 2104 246 2191 γησάμενος
258 2120 344 2176 τοῖσι
354 2112 513 2192 Σαμίοισι
523 2108 579 2174 καί
591 2103 715 2193 ὅρκους
729 2102 810 2184 δούς
820 2107 875 2174 καὶ
887 2104 1065 2192 δεξόμενος

57 2205 237 2287 προέδωκε.
264 2202 388 2289 μισθός
402 2206 442 2273 δέ
453 2208 488 2274 οί
501 2196 546 2291 ἦν
567 2206 739 2291 εἰρημένος
752 2201 810 2272 ὅδε
826 2201 892 2271 ύπδ
908 2210 978 2271 τῶν
991 2211 1065 2270 Σα-

57 2305 161 2386 μίων,
182 2301 320 2370 πάντων
333 2311 401 2372 τῶν
416 2306 565 2372 ἐπίπλων
579 2305 636 2370 καὶ
649 2299 875 2389 ἀνδραπόδων
889 2299 929 2370 τά
945 2297 1065 2388 ἡμίσεα

56 2406 175 2487 λαβεῖν
186 2407 255 2470 τῶν
269 2405 306 2474 έν
322 2410 362 2492 τῇ
375 2402 470 2489 πόλι,
490 2400 531 2470 τά
548 2397 580 2468 δ’
597 2402 651 2469 ἐπὶ
663 2406 732 2468 τόν
747 2397 862 2488 ἄγριόν
876 2400 985 2468 πάντα
995 2395 1066 2465 Ἱπ-

57 2500 227 2586 ποκράτεα
237 2503 425 2592 λαγχάνειν.
437 2501 517 2583 τούς
523 2501 585 2590 μὲν
593 2499 633 2588 δὴ
640 2509 787 2581 πλεῦνας
794 2509 862 2571 τῶν
868 2507 1066 2588 Ζαγκλαίων

58 2596 160 2679 αύτδς
181 2603 219 2668 ἐν
233 2598 457 2689 ἀνδραπόδων
476 2602 567 2693 λόγω
584 2600 648 2687 εἶχε
667 2600 785 2688 δήσας,
807 2599 887 2680 τούς
904 2603 941 2668 δὲ
961 2625 1065 2687 κορυ-

14 2786 16 2790 .
58 2702 182 2781 φαίονς
201 2696 314 2767 αύτοῖν
334 2708 546 2789 τριηκοσίους
560 2705 663 2768 ἔδωκε
683 2713 769 2769 τοῖσι
782 2707 941 2787 Σαμίοισι
962 2725 1064 2768 κατα-

58 2793 193 2880 σφάξαι.
216 2793 259 2864 ού
277 2799 391 2883 μέντοι
403 2802 439 2869 ολ
449 2825 489 2887 γε
502 2799 630 2886 Σάμιοι
644 2799 805 2887 ἐποίησαν
818 2806 931 2867 ταῦτα.
968 2798 1065 2866 Σκύ-
1078 2807 1113 2861 24

55 2904 125 2980 δης
141 2893 179 2961 a>
197 2889 216 2962 δ
231 2900 300 2962 τῶν
314 2905 511 2984 Ζαγκλαίων
527 2897 717 2984 μούναρχος
732 2902 769 2965 έκ
784 2904 841 2984 τῆς
858 2894 991 2965 Ἰνύκον
1009 2898 1065 2964 έκ-

56 2991 229 3080 διδρησκει
242 2994 275 3072 ές
290 2991 437 3083 Ἱμέρην,
459 2998 495 3064 ἐκ
512 3000 549 3065 δὲ
562 2997 684 3084 ταύτης
698 3002 810 3083 παρῆν
825 2997 858 3072 ές
873 2991 935 3080 τὴν
952 2991 1064 3078 Ἀσίην

56 3091 113 3160 καί
121 3087 224 3180 άνέβη
234 3090 325 3181 παρά
332 3098 632 3183 βασιλέαΔαρείον.
645 3099 705 3163 καί
712 3120 771 3180 μιν
780 3092 914 3179 ἐνόμισε
920 3102 1064 3177 Δαρεῖος

57 3190 196 3259 πάντων
213 3187 348 3279 ἀνδρῶν
361 3193 573 3264 δικαιότατον
587 3191 682 3280 εἶναι,
699 3191 773 3262 ὅσοι
789 3194 825 3259 ἐκ
840 3198 898 3278 τῆς
907 3188 1064 3268 Ἑλλάδος

56 3287 138 3378 παρ’
152 3288 280 3360 έωντδν
290 3289 468 3381 ἀνέβησαν.
485 3296 541 3363 καὶ
549 3291 616 3382 γάρ
627 3290 916 3382 παραιτησάμενος
925 3292 1063 3379 βασιλέα

56 3390 90 3472 ές
98 3393 258 3475 Σικελίην
269 3386 404 3460 άπίκετο
415 3385 615 3470 καὶαύτιςέκ
626 3398 683 3479 τῆς
689 3395 845 3476 Σικελίης
856 3385 961 3457 ὀπίσω
973 3385 1062 3474 παρὰ
