2378 3840
308 167 395 225 LIB.
427 165 498 222 VIII.
532 163 629 221 CAP.
659 168 838 224 III-136.
891 193 897 204 ·
1016 161 1078 227 281

69 327 209 414 ὁκότερα
226 327 406 415 βούλονται
421 327 556 392 ἑλέσθαι
572 319 720 407 τούτων,
738 325 853 414 ἑωυτῷ
869 319 891 410 ή
906 322 964 392 ἀτε
978 324 1079 409 μάντι

68 425 225 513 χρέεσθαι
238 420 260 511 ή
271 422 329 491 ἀτε
343 423 516 512 συμμάχφ,
531 424 592 487 τοῦ
604 421 718 506 ἑτέρου
729 417 973 508 ἀπεχομένους·
997 426 1031 490 ολ
1038 422 1075 490 δὲ

69 522 243 610 σύμμαχόν
253 548 312 609 μιν
322 524 450 590 εἵλοντο
464 517 556 587 εἶναι.
571 514 626 585 διά
637 523 737 584 τοῦτο
747 519 810 605 μέν
821 516 884 587 οὐκ
896 523 999 599 ἔξεστι
1007 530 1078 606 Θη-

68 618 299 710 βαίωνούδενλ
310 615 433 687 αὐτόθι
445 619 782 704 ἐγκατακοιμηθῆναι.
809 615 894 683 Τόδε
919 609 961 680 δὲ
974 615 1078 703 θῶμά
1089 629 1140 684 135

68 745 124 806 μοι
135 722 292 804 μέγιστον
302 718 463 802 γενέσθαι
476 718 606 800 λέγεται
619 707 687 778 ὑπὸ
700 719 867 800 Θηβαίων,
883 717 998 783 έλθείν
1010 711 1076 800 ἀρα

69 812 128 885 τὸν
137 812 303 903 Εὐρωπέα
315 821 409 902 Μῦν,
420 807 754 895 περιστρωφεόμενον
760 809 870 879 πάντα
881 810 921 880 τά
932 811 1077 899 χρηστή-

68 938 141 998 ρια,
156 913 211 980 καὶ
228 914 260 990 ές
274 920 337 980 τοῦ
349 912 473 981 Πτόον
486 909 695 987 ’Λπόλλωνος
708 907 745 976 τό
758 913 901 996 τέμενος.
924 920 1023 980 τοῦτο
1039 911 1076 977 δὲ

67 1008 104 1078 τδ
121 1007 198 1096 ίρόν
212 1012 363 1080 καλέεται
377 1010 440 1097 μέν
449 1016 582 1094 Πτῦον,
598 1006 714 1076 ἔστιδὲ
726 1013 901 1094 Θηβαίων,
919 1012 1027 1076 κέεται
1039 1010 1076 1075 δέ

68 1105 154 1193 ὑπὲρ
169 1112 226 1194 τῆς
238 1111 416 1186 Κωπαίδος
426 1112 544 1194 λίμνης
559 1102 644 1189 πρὸς
654 1102 750 1192 οῦρει·
762 1102 932 1192 ἀγχοτάτω
943 1104 1076 1194 Ἀκραι-

68 1213 146 1292 φίης
159 1206 285 1286 πόλιος.
307 1210 340 1286 ἐς
353 1214 452 1276 τοῦτο
462 1205 500 1276 τό
517 1203 594 1295 ίρύν
616 1206 722 1272 ἐπείτε
741 1213 926 1292 παρελθεῖν
938 1202 999 1272 τὸν
1013 1231 1076 1272 κα-

68 1308 230 1395 λεόμενον
249 1315 372 1378 τοῦτον
387 1314 489 1395 Μῦν,
511 1310 654 1375 ἕπεσθαί
667 1310 701 1374 ολ
711 1310 780 1372 νῦν
797 1302 908 1372 άστῦν
922 1303 1075 1393 αίρετούς

66 1407 192 1496 ἀνδρας
206 1419 294 1494 τρεῖς
307 1403 373 1475 ἀπό
390 1414 451 1475 τοῦ
463 1407 582 1473 κοινοῦ
594 1401 638 1482 ὥς
649 1399 949 1487 ἀπογραψομένους
959 1400 1000 1469 τά
1011 1411 1075 1470 θε-

66 1508 195 1575 σπιέειν
212 1512 336 1591 ἔμελλε.
373 1506 430 1574 καὶ
454 1503 601 1588 πρόκατε
620 1497 681 1568 τὸν
702 1498 891 1586 πρόμαντιν
914 1498 1074 1589 βαρβάρφ

65 1603 200 1692 γλάσση
220 1610 305 1690 χρῦν
320 1607 375 1672 καὶ
394 1601 474 1682 τούς
489 1606 552 1690 μὲν
572 1602 756 1687 ἑπομένους
775 1604 845 1666 τῦν
862 1606 1020 1686 Θηβαίων
1037 1601 1075 1667 ἐν

69 1701 199 1785 θώματι
217 1703 352 1784 ἔχεσθαι
376 1698 562 1778 ἀκούοντας
571 1699 747 1787 βαρβάρου
756 1698 908 1785 γλώσσης
919 1696 1056 1766 ἀντλἙλ

68 1799 178 1884 λάδος,
195 1795 275 1865 οὐδὲ
290 1804 378 1884 ἔχειν
391 1797 412 1867 ό
427 1825 458 1867 τι
472 1799 653 1886 χρήσονται
667 1804 712 1887 τῷ
724 1797 883 1883 παρεόντι
895 1797 1073 1884 πρήγματι,

68 1893 127 1965 τόν
141 1896 177 1962 δὲ
188 1891 354 1982 Εὐρωπέα
373 1897 451 1965 Νῦν
462 1895 694 1984 ἐξαρπάσαντα
703 1889 784 1980 παρ’
797 1891 910 1962 αὐτῦν
923 1892 985 1981 τήν
996 1897 1075 1980 έφέ-

67 2019 166 2079 ροντο
183 1995 317 2079 δέλτον,
339 1991 380 2062 τά
396 1993 561 2081 λεγόμενα
576 1990 643 2061 ὐπδ
659 1998 721 2061 τοῦ
733 1991 913 2080 προφήτεω
929 1992 1075 2078 γράφειν

66 2097 99 2171 ές
109 2089 231 2179 αὐτὴν,
247 2091 353 2178 φάναι
368 2091 406 2161 δέ
416 2098 526 2181 Καρίη
539 2118 600 2177 μιν
613 2090 748 2178 γλάσση
761 2095 857 2177 χρᾶν,
874 2088 1075 2177 συγγραψά-

65 2216 169 2278 μενον
184 2188 220 2258 &I
237 2199 389 2276 οίχεσθαι
406 2187 549 2258 ἀπιόντα
563 2191 596 2268 ές
608 2193 804 2274 Θεσσαλίην.
827 2186 1026 2273 Μαρδόνιος
1037 2187 1073 2253 δὲ
1088 2192 1138 2248 136

65 2288 298 2375 ἐπιλεξάμενος
309 2287 330 2357 ό
339 2316 372 2357 τι
384 2287 424 2375 δή
434 2282 480 2377 ήν
491 2293 631 2377 λέγοντα
641 2285 682 2356 τά
692 2286 884 2375 χρηστήρια,
899 2284 981 2372 μετά
992 2293 1074 2354 ταῦ-

66 2415 105 2456 τα
116 2393 240 2474 έπεμψε
253 2385 397 2473 ἀγγέλου
407 2391 441 2467 ές
452 2387 596 2475 Ἀθήνας
607 2385 825 2473 Ἀλέξανδρον
834 2383 895 2453 τόν
904 2381 1073 2471 Ἀμύντεω

65 2488 174 2572 ἀνδρα
188 2487 391 2573 Μακεδόνα,
407 2487 476 2575 άμα
491 2491 554 2576 μὲν
568 2489 620 2558 ότι
637 2493 672 2558 οέ
683 2490 886 2575 προσκηδέες
900 2492 935 2555 ολ
945 2490 1072 2570 Πέρσαι

65 2575 153 2672 ἦσαν
167 2581 402 2674 ’Ἀλεξάνδρου
418 2585 484 2673 γάρ
500 2585 668 2674 ἀδελφεήν
677 2591 839 2672 Γυγαίην,
850 2582 1019 2672 Ἀμύντεω
1036 2585 1072 2652 δέ

65 2683 253 2768 θυγατέρα,
277 2685 455 2772 Βουβάρης
472 2682 560 2773 ἀνήρ
574 2688 705 2772 Πέρσης
720 2688 810 2770 ἔσχε,
831 2684 866 2750 έκ
880 2689 938 2769 τής
952 2687 986 2752 οί
999 2685 1073 2769 έγε-

65 2786 162 2872 γόνεε
173 2781 336 2871 Ἀμάντης
357 2783 425 2855 δέν
439 2794 479 2875 τή
496 2784 604 2876 Ἀσίη,
626 2792 710 2872 ἔχων
732 2781 767 2851 τό
784 2780 914 2870 οὐνομα
930 2790 991 2851 τοῦ
1008 2810 1074 2869 μη-

63 2885 285 2972 τροπάτορος,
300 2891 346 2974 τῷ
358 2882 399 2971 δή
412 2887 447 2953 ἐκ
458 2885 612 2973 βασιλέος
626 2890 684 2971 τῆς
695 2887 844 2970 Φρυγίης
859 2880 964 2966 ἐδόθη
976 2876 1072 2948 ’AIA-

62 2987 171 3070 βανδα
183 2982 279 3061 πόλις
289 2982 417 3069 μεγάλη
428 2986 621 3069 νέμεσθαι,
637 2981 706 3068 ἅμα
718 2981 754 3050 δὲ
765 2977 784 3049 ὁ
796 2979 995 3067 Μαρδόνιος
1005 3003 1073 3046 πυ-

64 3081 209 3166 θόμενος
220 3080 271 3149 ὅτι
282 3080 458 3169 πρόξεινός
468 3107 504 3148 τε
514 3090 564 3166 είη
576 3083 632 3149 καὶ
642 3077 815 3167 εὐεργέτης
826 3073 845 3144 ὁ
858 3074 1072 3162 Ἀλέξανδρος

63 3186 195 3266 ἔπεμπε.
211 3179 290 3260 τούς
301 3181 367 3270 γάρ
379 3180 579 3268 Ἀθηναίους
590 3177 679 3248 οῦτω
690 3178 802 3248 έδόκεε
811 3176 954 3264 μάλιστα
964 3195 1072 3263 προσ-

63 3278 264 3366 κτήσεσθαι,
280 3281 368 3349 λεοόν
382 3309 418 3350 τε
431 3279 558 3351 πολλόν
573 3279 638 3366 ἀρα
653 3278 790 3348 ἀκούων
804 3276 890 3346 εἶναι
905 3278 958 3345 καλ
974 3273 1071 3344 ἀλκι-

61 3402 145 3462 μον,
167 3376 207 3443 τά
224 3401 259 3443 τε
274 3377 357 3447 κατά
372 3379 435 3465 τήν
448 3379 627 3450 θάλασσαν
648 3376 857 3464 συντυχόντα
878 3396 941 3462 σφι
955 3368 1071 3455 ποθή-
