2378 3840
297 187 844 261 L18.v11.cAP.8,2-9‚.3
1014 190 1074 255 127

63 343 184 423 ἐόντας
197 341 364 426 άναξίους.
387 341 496 412 καὶ
457 371 522 430 γαρ
537 340 687 412 δεινδν’“
665 372 710 412 αν
725 357 775 433 είη
791 355 942 437 πρῆγμα,
959 357 989 420 εί
999 352 1075 420 Σά-

12 474 14 479 ’
62 466 126 522 κας
138 444 204 529 μέν
213 444 270 510 καί
279 439 405 520 Ἰνδούς
415 446 471 510 καλ
482 448 650 521 Αίθίοπας
664 441 738 512 καλ’
733 452 925 535 Ασσυρίοος
940 447 1024 520 ἄλλα
1038 475 1073 517 τε

62 548 169 613 έθνεα
182 538 291 610 πολλά
306 545 362 609 καί
376 542 504 628 μεγάλα
521 538 726 628 ἀδικήσαντα
741 540 873 630 Πέρσας
886 543 997 633 οὐδέν,
1011 545 1072 616 άλ-

62 638 105 711 a&
124 638 273 727 δύναμιν
288 646 523 726 προσκτᾶσθαι
535 641 749 728 βουλόμενοι,
765 645 1071 733 καταστρεψάμενοι

63 738 211 819 δούλους
226 735 531 825 έχομεν,”Ελληνας
545 740 582 806 δέ
595 736 807 826 ὑπάρξαντας
821 738 951 829 άδικίης
965 739 1007 811 ού
1019 770 1070 809 τι·

62 836 302 926 μωρησόμεθα.
332 843 368 905 τί
378 841 563 919 δείσαντεςς
588 845 687 925 κοίην
700 839 849 926 πλήθεος
864 840 1070 928 συστροφὴν,

61 942 163 1024 κοίην
176 937 214 1005 δέ
232 936 412 1024 χρημάτων
432 935 596 1021 δόναμιν;
617 944 685 1003 τών
706 938 913 1024 ἐπιστάμεθα
932 940 995 1025 μέν
1008 935 1100 1025 trivi

61 1035 184 1124 μάχην,
196 1034 403 1121 ἐπιστάμεθα
415 1035 451 1101 δέ
461 1029 523 1119 τὴν
535 1034 681 1120 δύναμιν
693 1037 816 1103 έοῦσαν
827 1032 981 1104 άσθενέα.
996 1042 1070 1120 ἐχο-

61 1159 126 1222 μεν
139 1134 177 1203 δέ
188 1132 300 1203 αύτών
311 1138 431 1213 παῖδας
445 1134 752 1220 καταστρεψάμενοι
766 1132 923 1222 τούτους,
940 1138 1019 1202 οἳέν
1029 1138 1069 1222 τῇ

59 1231 204 1324 ἡμετέρη
220 1232 571 1321 κατοικημένοιἼωνές
585 1261 620 1302 τε
635 1237 690 1302 καὶ
702 1235 838 1312 Αἰολέες
853 1235 908 1302 καὶ
921 1235 1069 1320 Δωριέες

60 1335 247 1404 καλέονται.
271 1334 456 1421 ἐπειρήθην
470 1335 507 1401 δὲ
527 1337 582 1401 καί
597 1331 698 1412 αὐτὸς
718 1331 782 1420 ἥδη
803 1331 998 1401 ἐπελαύνων
1015 1333 1068 1399 ἐπὶ

61 1429 141 1512 τούς
151 1430 277 1521 ἄνδρας
287 1432 428 1512 τούτους
439 1428 505 1500 ὑπὸ
519 1429 644 1517 πατρός
653 1438 715 1499 τοῦ
726 1437 789 1499 σού
797 1438 1000 1518 κελευσθείς,
1011 1438 1069 1498 καί

58 1558 118 1620 μοι
131 1533 227 1617 μέχρι
243 1535 459 1617 Μακεδονίης
480 1529 636 1598 ἐλάσαντι
656 1534 712 1598 καλ
732 1526 847 1615 ὀλίγον
867 1527 1066 1598 άπολιπόντι

59 1633 94 1710 ές
108 1625 213 1707 αύτάς
229 1625 373 1716 Ἀθήνας
390 1627 570 1697 άπικέσθαι
589 1625 698 1707 οὐδεὶς
717 1627 870 1717 ἠντιώθη
892 1632 925 1709 ἐς
944 1629 1063 1721 μάχην.

58 1734 178 1799 Καίτοι
188 1753 227 1813 γε
238 1726 538 1814 έώθασιἝλληνες,
556 1725 600 1806 ὡς
610 1728 841 1815 πυνθάνομαι,
858 1725 1065 1814 ἀβουλότατα
1081 1740 1099 1792 ²

59 1830 226 1914 πολέμους
236 1831 395 1894 ἵστασθαι
409 1823 477 1895 ὑπό
491 1851 526 1893 τε
537 1823 781 1912 άγνωμοσύνης
792 1828 847 1893 καί
862 1825 1063 1911 σκαιότητος.

58 1921 163 1995 επεάν
178 1923 243 2012 γάρ
260 1921 433 2012 ἀλλήλοισι
445 1924 594 2010 πόλεμον
608 1930 808 2010 προείπωσι,
824 1923 1014 2011 ἐξευρόντες
1027 1921 1064 1991 τό

57 2022 238 2092 κάλλιστον
248 2028 372 2108 χωρίον
388 2024 444 2090 καί
460 2020 632 2089 λειότατον
646 2024 680 2100 ἐς
693 2029 792 2089 τοῦτο
810 2023 980 2100 κατιόντες
1000 2022 1066 2107 μά-

56 2146 183 2207 χονται,
196 2116 280 2187 ώστε
290 2117 357 2187 σύν
367 2125 459 2210 κακῷ
469 2118 603 2212 μεγάλω
613 2120 822 2201 οίνικέοντες
830 2118 1066 2191 ἀπαλλάσσον-

56 2242 128 2287 ται·
150 2219 226 2303 περὶ
240 2218 277 2284 δέ
291 2223 360 2285 τών
374 2221 574 2304 έσσωμένων
592 2215 671 2287 οὐδὲ
688 2222 774 2306 λέγω
789 2216 912 2306 ἀρχὴν,
930 2220 1065 2299 ἐξώλεες

56 2314 122 2404 γάρ
137 2314 179 2403 δὴ
194 2324 362 2404 γίνονται·
383 2314 464 2395 τούς
476 2325 577 2405 χρῆν,
599 2318 714 2397 ἐόντας
728 2315 982 2405 ὁμογλώσσους,
1002 2317 1065 2404 κη’-

56 2421 136 2500 ρυξί
145 2441 182 2484 τε
197 2418 455 2503 διαχρεωμένους
469 2421 525 2485 καὶ
541 2415 711 2506 ἀγγέλοισι
721 2418 992 2505 καταλαμβάνειν
1006 2416 1065 2498 τάς
1093 2457 1097 2464 -

56 2511 223 2600 διαφοράς
237 2517 293 2583 καλ
307 2519 406 2583 παντὶ
422 2513 583 2603 μᾶλλονῆ
598 2518 731 2604 μάχηαι·
755 2522 785 2585 εί
799 2519 835 2584 δέ
848 2517 982 2596 πάντως
993 2522 1065 2587 ἔδεε

55 2616 232 2702 πολεμέειν
245 2611 330 2699 πρός
346 2613 522 2701 άλλήλους,
538 2617 740 2701 ἐξευρίσκειν
754 2622 849 2703 χρῆν,
865 2623 904 2706 τῇ
914 2616 1068 2703 ἐκάτεροί

55 2720 119 2784 είσι
134 2715 447 2801 δυσχειρωτότατοι,
465 2718 521 2783 καί
540 2715 644 2803 ταύτη
657 2722 787 2801 πειρᾶν.
818 2715 931 2806 τρόπῳ
946 2719 1064 2783 τοίνυν

54 2811 96 2882 οὐ
111 2819 242 2903 χρηστῷ
254 2810 412 2900 Ἕλληνες
426 2813 656 2900 διαχρεόμενοι
677 2815 751 2900 ἐμέο
776 2813 955 2893 ἐλάσαντος
969 2814 1063 2900 μέχρι

53 2917 271 3000 Μακεδονίης
298 2909 362 2980 ούκ
392 2905 499 2999 ἦλθον
529 2915 564 2993 ἐς
592 2912 714 2982 τούτου
749 2911 852 2999 λόγον
883 2906 968 2979 ὥστε
997 2911 1063 2997 μά-

52 3022 184 3099 χεσθαι.
217 3015 281 3081 Σοὶ
295 3015 332 3081 δέ
349 3010 390 3099 δὴ
406 3017 517 3098 μέλλει
531 3038 597 3099 τις,
620 3005 647 3080 ώ
660 3018 817 3099 βασιλεύ,
838 3009 1061 3080 ἀντιώσεσθαι
1078 3020 1096 3071 ³

52 3112 204 3199 πόλεμον
215 3113 429 3234 προσφέρων,
448 3110 566 3231 ἄγοντι
576 3113 632 3178 καί
642 3116 774 3196 πλῆθος
787 3107 825 3177 τό
839 3112 875 3177 ἐκ
886 3115 944 3195 τῆς
954 3105 1063 3191 Ἀσίης

53 3217 109 3282 καὶ
130 3216 208 3290 νέας
221 3209 281 3291 τάς
296 3209 443 3292 άπάσαςς
464 3207 509 3289 ὡς
529 3212 592 3296 μὲν
607 3204 672 3296 ἐγώ
690 3210 813 3294 δοκέω,
835 3206 898 3276 οὐκ
916 3209 948 3286 ές
962 3213 1061 3273 τοῦτο

53 3311 202 3401 θράσεος
213 3336 331 3397 ανηκει
341 3337 381 3378 τα
393 3308 564 3397 Ἑλλήνων
577 3308 766 3396 πρήγματα·
787 3305 896 3375 είδέ”
873 3331 938 3392 αρα
949 3303 1016 3391 ἐγώ
1025 3329 1061 3370 τε

54 3415 244 3496 ψευσθείην
258 3408 377 3499 γνώμη
394 3413 449 3478 καί
470 3410 593 3477 ἐκείνοι
610 3405 831 3494 ἐπαερθέντες
846 3400 988 3492 άβουλίη
1004 3406 1056 3469 ἐλ-
