2378 3840
333 186 419 244 Lm
452 186 498 243 VI.
533 186 632 244 cAP.
667 192 810 249 44-50.
1034 189 1075 254 79

67 336 149 411 dm
162 337 202 410 τῦ
216 345 341 437 έπίπαν
355 349 508 413 Θασίοισι
524 345 616 412 ἐοῦσι
632 350 771 432 καρπῶν
787 343 916 418 ἀτελέσι
933 352 1073 440 προσήιε

66 436 130 509 δπύ
144 464 182 509 τε
195 446 254 527 τῆς
263 436 405 528 ἠπείρου
415 441 472 509 καί
483 446 551 509 τῶν
562 441 734 528 μετάλλων
745 448 834 525 έτεος
845 446 986 516 ἑκάστου
997 452 1072 535 διη-

64 536 161 607 κάσια
174 538 339 624 τάλαντα,
353 537 410 607 ὅτε
420 538 456 607 δέ
467 535 504 606 τύ
516 548 672 608 πλεῖστον
682 548 871 628 προσῆλθε,
886 544 1069 631 τριηκόσια.

65 632 168 705 ἅδον
181 637 220 703 δέ
234 638 290 703 καλ
301 632 401 714 αῦτός
415 632 456 702 τά
468 639 612 720 μέταλλα
623 643 745 723 ταῦτα,
760 639 816 707 καὶ
825 647 942 732 μακρῷ
952 633 997 727 ήν
1008 637 1072 709 αύ-
1084 655 1121 716 47

62 738 130 802 τῶν
155 730 400 819 θωμασιώτατα
428 730 469 800 τά
484 736 520 801 οἰ
529 740 683 812 Φοίνικες
696 731 844 822 ἀνεῦρον
859 743 893 806 οἰ
904 736 986 825 μετά
1000 738 1072 808 Θά-

62 848 125 899 σου
135 834 309 909 κτίσαντες
318 827 381 916 τήν
391 836 498 918 νήσου
508 829 644 918 ταύτην,
658 830 731 919 ήτις
741 840 808 902 νῦν
819 836 871 904 έπί
881 843 943 904 τοῦ
955 837 1071 906 Θάσου

60 930 188 1001 τούτου
201 935 263 1000 τοῦ
277 936 436 1010 Φοίνικος
451 928 487 999 τὰ
504 929 635 1018 οῦυομα
650 937 732 1019 ἔσχε.
760 931 801 1001 τά
818 933 855 1002 δὲ
870 937 1014 1021 μέταλλα
1028 937 1070 1003 τὰ

59 1023 241 1099 Φοινικικὰ
256 1033 360 1095 ταῦτα
375 1029 442 1096 ίστί
451 1033 509 1114 τῆς
520 1027 637 1097 Θάσου
648 1026 771 1115 μεταξύ
782 1030 943 1116 Αἰνύρων
952 1057 988 1099 τε
1001 1031 1068 1117 χῶ-

58 1152 125 1215 ρου
137 1124 345 1212 καλεομένου
354 1127 411 1194 καὶ
421 1125 621 1213 Κοινύρων,
636 1122 753 1194 ἀντίον
767 1128 803 1196 δὲ
814 1133 1066 1215 Σαμοθρηίκης,

59 1216 163 1313 οῦρος
172 1222 258 1311 μέγα
271 1217 544 1310 ἀνεστραμμένον
554 1227 591 1291 έν
602 1229 642 1312 τῇ
654 1223 775 1311 ζητήσι.
807 1231 914 1293 Τοῦτο
926 1224 989 1311 μέν
1001 1225 1067 1294 νύν

57 1325 130 1392 έστι
144 1327 294 1408 τοιοῦτο,
309 1325 345 1390 οί
357 1321 394 1390 δὲ
409 1321 529 1390 Θάσιοι
543 1329 589 1414 τῶ
603 1327 734 1411 βασιλέα·
745 1323 942 1393 κελεύσαντι
958 1327 1014 1399 καλ
1028 1321 1065 1390 τὰ
1080 1332 1116 1388 48

57 1418 212 1510 τείχοςτό
227 1423 391 1508 σφέτερον
404 1428 557 1489 κατείλον
568 1423 623 1490 καὶ
634 1419 692 1500 τάς
706 1427 783 1500 νέας
796 1418 855 1513 ράς
865 1420 974 1499 πάσας
989 1419 1066 1488 έκό-

57 1537 162 1607 μισαυ
176 1516 373 1607 έςἍβδηρα.

142 1616 240 1687 Μετά
252 1616 289 1686 δὲ
298 1623 397 1686 τοῦτο
409 1613 609 1700 ἀπεπειρᾶτο
622 1613 796 1704 ῦΔαρεῖος
806 1622 875 1685 τῶν
885 1613 1063 1702 Ἑλλήνων,

56 1717 77 1788 ὅ
90 1744 125 1787 τι
138 1720 177 1786 έν
190 1715 261 1807 νόφ
276 1721 400 1803 έχοιεν,
421 1715 542 1803 κότερα
558 1719 733 1802 πολεμέειν
753 1717 866 1806 ἑωυτῷ
881 1711 903 1802 ή
919 1719 1064 1804 παραδι-

58 1814 156 1889 δόναι
171 1817 274 1904 σφέας
288 1812 421 1894 αύτούς.
445 1815 603 1900 διέπεμπε
618 1807 667 1881 ῶν
681 1814 829 1901 κήρυκας
842 1812 965 1892 ἀλλους
979 1812 1064 1900 άλλη

55 1913 158 1996 τάξας
171 1909 237 1981 ἀνά
251 1909 314 2000 τήν
323 1909 481 1999 Ἐλλάδα,
499 1911 648 1981 κελεύων
669 1913 790 1980 αἰτέειν
803 1914 934 2000 βασιλέι·
948 1917 1013 1997 γῆν
1027 1935 1063 1976 τε

55 2013 111 2082 καὶ
120 2008 224 2096 ῦδωρ.
247 2008 388 2090 τούτους
398 2011 462 2099 μὲν
473 2009 513 2097 δή
526 2013 559 2091 ἐς
568 2008 780 2098 τὴνἙλλάδα
791 2016 926 2098 ἔπεμπε,
940 2007 1062 2087 ἀλλους

54 2112 91 2178 δὲ
105 2107 255 2196 κήρυκας
268 2111 427 2195 διέπεμπε
437 2112 471 2188 ές
485 2106 544 2188 τάς
555 2110 683 2178 ἑωυτοῦ
706 2109 943 2200 δασμοφόρους
967 2111 1062 2192 πόλις

54 2206 114 2289 τάς
125 2212 439 2296 παραθαλασσίους,
455 2207 604 2276 κελεύων
614 2211 692 2287 νέας
704 2233 741 2275 τε
751 2204 881 2296 μακράς
892 2207 947 2275 καὶ
958 2211 1062 2274 ἰππα-
1154 2206 1157 2212 ’

10 2332 12 2339 ·
53 2304 148 2394 γωγά
158 2314 258 2376 πλολοι
267 2308 451 2376 ποιέεσθαι.
471 2298 579 2374 Οῦτοί
585 2331 620 2374 τε
631 2303 671 2393 δή
682 2304 968 2393 παρεσκευάζοντο
977 2309 1060 2371 ταῦ-
1072 2311 1108 2368 49

53 2430 110 2491 τα,
130 2404 187 2472 καὶ
206 2416 291 2472 τοῖσι
312 2400 434 2491 ήκουσι
450 2405 483 2483 ές
497 2401 561 2491 τήν
569 2400 711 2472 Ἐλλάδα
725 2402 844 2490 κήρυξι
864 2403 981 2470 πολλοὶ
997 2404 1060 2488 μὲν

53 2499 265 2591 ἠπειρωτέων
275 2506 397 2571 ἔδοσαν
407 2500 448 2570 τὰ
459 2507 633 2590 προΐσχετο
646 2504 764 2570 αἰτέων
777 2499 796 2568 ὁ
807 2503 955 2587 Πέρσης,
970 2497 1060 2567 πάν·

53 2601 160 2680 τεςδέ
174 2605 334 2685 νησιῶται
354 2602 388 2679 ές
404 2598 484 2679 τοῦς
501 2597 675 2667 ἀπικοίατο
690 2597 889 2684 αἰτήσοντες.
918 2600 953 2676 οἵ
964 2622 1000 2664 τε
1016 2592 1058 2683 δή

52 2697 148 2769 ἀλλοι
163 2706 323 2786 νησιῶται
338 2702 469 2767 διδοῦσι
483 2704 549 2790 μήν
559 2722 594 2765 τε
605 2699 660 2764 καί
674 2694 767 2785 ῦδωρ
778 2700 930 2788 Δαρείφ,
945 2697 999 2764 καλ
1015 2690 1055 2781 δή

52 2799 106 2866 καί
120 2800 305 2883 Αἰγινῆται.
336 2795 495 2884 ποιήσασι
513 2798 554 2864 δέ
567 2814 628 2882 σφι
648 2801 752 2863 ταῦτα
766 2795 868 2872 ἰθέως
884 2790 1058 2880 Ἀθηναῖοι
1130 2836 1152 2866 ,

51 2895 224 2979 ἀπεκέατο,
246 2895 419 2973 δοκέοντες
440 2895 493 2963 έπλ
513 2898 608 2980 σφίσι
625 2898 760 2980 ἔχοντας
779 2890 860 2972 τοῦς
875 2889 1057 2979 Αἰγινήτας

51 2994 249 3078 δεδωκέναι,
271 2989 316 3071 ῶς
330 2990 400 3079 ἅμα
420 2998 467 3082 τῷ
480 2995 596 3082 Πέρση
612 2993 665 3060 έπί
680 2994 784 3078 σφέας
799 2989 1055 3079 στρατεύωνται.

49 3093 104 3158 καὶ
117 3087 257 3165 ἀν’μενοι
271 3091 461 3178 προφάσιος
471 3091 690 3178 ἐπελάβοντο,
706 3091 894 3175 φοιτέοντές
903 3113 940 3155 τε
950 3090 984 3167 ές
993 3085 1056 3174 τήν

49 3189 213 3280 Σπάρτην
234 3191 440 3278 κατηγόρεον
458 3197 528 3260 τῶν
549 3193 759 3279 Αἰγινητέων
776 3187 818 3258 τά
839 3185 1055 3276 πεποιήκοιεν

48 3292 232 3378 προδουτες
245 3286 307 3377 τήν
315 3287 466 3359 Ἐλλάδα.
487 3287 581 3374 Πρὸς
594 3289 721 3376 ταύτην
732 3289 768 3357 δὲ
778 3284 841 3374 τήν
851 3291 1053 3373 κατηγορίην
1066 3298 1102 3354 50

50 3393 239 3476 Κλεομένης
253 3384 270 3457 ὁ
283 3386 544 3476 Ἀναξανδρίδεω
562 3386 720 3477 βασιλεύς
735 3384 800 3456 ἐῶν
813 3388 1054 3472 Σπαρτιητέων
