2378 3840
101 176 164 240 124
478 176 731 234 HERODOTI

99 339 217 428 τήνδε,
233 336 277 417 ὡς
287 335 308 424 ἡ
320 334 467 424 Εὐροόπη
478 331 679 422 περικαλλὴς
689 333 791 420 χάρη,
804 336 859 402 καί
870 330 1010 419 δένδρεα
1021 357 1109 402 παν-

100 451 173 505 τοία
188 437 283 522 φέρει
299 433 339 503 τὰ
353 431 477 520 ἥμερα,
493 430 617 520 ἀρετήν
630 456 666 500 τε
679 430 782 521 όκρη,
798 436 928 521 βασιλέα
939 459 975 500 τε
989 434 1108 527 μοόνφ

68 541 238 621 δθνητάν
259 531 332 619 άξίη
351 535 541 617 κεκτῆσθαι.
568 537 681 599 Ταῦτα
701 529 738 598 δέ
753 536 844 616 έλεγε
865 527 919 599 οἷα
933 534 1108 619 νεωτέρων

102 639 211 720 ἔργων
227 627 434 717 ἐπιθυμητὴς
454 627 519 696 ἐάν
539 631 595 696 καί
611 631 740 698 ἐθέλων
758 625 858 707 αὐτός
878 635 935 714 τῆς
951 626 1108 708 Ἑλλάδος

103 733 249 819 ὕπαρχος
266 729 359 800 εἶναι.
386 729 497 822 χρόνῳ
521 730 558 798 δὲ
578 726 805 815 κατεργάσατό
824 753 861 796 τε
881 731 937 797 καί
954 725 1108 797 ἀνέπεισε

100 833 229 919 Ξέρξην
245 827 328 898 όέστε
345 830 472 896 ποιέειν
487 834 607 896 ταῦτα·
635 829 799 915 συνέλαβε
819 824 884 915 γάρ
906 830 962 896 καλ
977 825 1061 895 ἄλλα
1076 830 1108 894 ολ

100 930 256 1014 σύμμαχα
272 925 438 1012 γενόμενα
458 928 492 1006 ές
505 923 542 994 τό
564 931 746 994 πείθεσθαι
761 927 907 1010 Ξέρξην·
926 933 1025 994 τοῦτο
1046 928 1106 1012 μὲν

100 1021 166 1094 άπό
181 1030 238 1109 τῆς
252 1031 435 1111 Θεσσαλίης
448 1021 539 1113 παρὰ
553 1030 623 1092 τῶν
633 1020 840 1093 Ἀλευαδέων
853 1021 1031 1112 ἀπιγμένοι
1046 1022 1107 1110 άγ-

99 1131 191 1209 γελοι
199 1125 423 1192 έπεκαλέοντο
437 1125 577 1212 βασιλέα
586 1129 699 1190 πᾶσαν
712 1129 909 1210 προθυμίην
922 1121 1107 1209 παρεχόμε-

100 1247 154 1291 νοι
169 1223 221 1291 ἐπὶ
234 1220 296 1309 τὴν
305 1221 448 1293 Ἑλλάδα
460 1227 517 1292 -ὀί
530 1223 566 1290 δέ
576 1218 752 1289 Ἀλευάδαι
766 1212 859 1288 οὗτοι
875 1213 962 1308 ἦσαν
978 1229 1107 1290 Θεσσα-

99 1326 171 1408 λίης
192 1323 374 1410 βασιλέες,
394 1328 494 1400 τοῦτο
516 1322 552 1389 δέ
568 1321 870 1406 Πεισιστρατιδέων
887 1324 921 1388 οἱ
939 1315 1101 1406 άναβεβη

99 1418 194 1499 κότες
211 1423 244 1499 ές
258 1426 392 1506 Σοῦσα,
408 1425 526 1487 τόντε
546 1415 660 1485 αὐτῶν
678 1417 790 1503 λόγων
805 1416 956 1504 ἐχόμενοι
970 1421 1040 1483 τῶν
1053 1416 1108 1482 καὶ

100 1517 335 1606 οίἈλευάδαι,
351 1522 406 1587 καί
422 1519 463 1605 δή
480 1542 512 1586 τι
528 1516 613 1606 πρός
627 1517 775 1587 τούτοισι
789 1522 836 1588 ἔτι
853 1519 955 1587 πλέον
972 1536 1106 1605 προσω·

100 1616 240 1704 ρέγοντό
254 1620 289 1684 οί
292 1569 448 1703 ,έχοντες
459 1614 700 1704 Ὀνομάκριτον
713 1613 822 1704 ἄνδρα
832 1613 1013 1703 Ἀθηναίου
1026 1642 1108 1738 χρη-

99 1713 268 1801 σμολογον
278 1739 314 1782 τε
325 1716 380 1782 καί
391 1719 552 1801 διαθέτην
562 1721 721 1802 χρησμων
731 1740 800 1782 των
810 1721 1001 1784 Μουσαίου
1023 1712 1107 1783 άνα-

98 1790 338 1903 βεβήκεσαν
300 1840 364 1900 γαρ
376 1840 438 1901 την
449 1820 576 1902 ἔχθρην
589 1812 942 1900 προκαταλυσάμενοι
960 1816 1105 1901 ἐξηλάθη

97 1908 164 1996 γάρ
178 1907 245 1978 ὑπό
255 1907 438 2034 Ἱππάρχου
450 1938 512 1980 του
498 1908 801 1999 Πεισιστράτου’
786 1936 805 1979 ο
824 1907 1061 2035 Ὀνομάκριτος
1075 1915 1107 1992 έξ

94 2007 316 2095 Ἀθηνέων,’
300 2008 351 2078 αι’
369 2007 557 2100 αὐτοφώρω
572 2005 709 2088 ἁλοὺς
691 2007 759 2077 νπό
775 2009 892 2078 Λάσου
903 2034 965 2077 του
951 2008 1107 2098 ’Ἑρμιο-

97 2110 174 2185 νέος
188 2108 353 2193 ἐμποιέων
367 2104 455 2186 ές
418 2134 459 2175 τα
473 2114 656 2176 Μουσαίου
674 2104 842 2226 χρησμόν,
864 2105 907 2186 ὡς
922 2111 960 2175 ac
971 2109 1023 2175 ἐπὶ
1037 2106 1107 2193 Λή-

99 2232 174 2297 μνφ
202 2207 406 2291 ἐπικείμεναι
410 2211 518 2323 γησοι
533 2202 748 2293 ἀφανιζοίατο
759 2201 843 2273 κατά
855 2211 913 2293 τῆς
923 2203 1105 2290 θαλάσσης.

98 2300 150 2370 διδ
166 2301 304 2391 ἐξήλασέ
313 2330 371 2390 μιν
385 2330 402 2373 ο
410 2301 608 2424 Ίππαρχος,
623 2303 789 2411 πρότερον
799 2302 980 2393 χρεόμενος
990 2301 1031 2372 τά
1044 2303 1108 2389 μά-

98 2410 201 2471 λιστα.
223 2402 299 2471 τότε
313 2404 350 2471 δέ
365 2400 591 2490 συναυαβάς”
571 2429 658 2482 οκως
669 2397 821 2471 ἀπίκοιτο
833 2401 897 2481 ές”
877 2416 957 2484 οιβιν
968 2428 1031 2488 την
1046 2408 1108 2488 βα-

56 2584 59 2589 ,
98 2505 225 2591 σιλέος,
246 2503 416 2591 λεγόντων
435 2509 504 2571 τῶν
517 2507 819 2590 Πεισιστρατιδέων
836 2505 912 2589 περὶ
927 2499 1034 2570 αὐτοῦ
1052 2519 1109 2568 σε·

97 2598 204 2688 μνοός
224 2601 348 2688 λόγους
368 2604 524 2688 κατέλεγε
542 2608 612 2668 των
632 2608 801 2688 χρησμῶν.
839 2604 948 2687 εἰμέν
969 2627 1001 2668 τι
1021 2601 1108 2666 έυέοι

98 2696 235 2784 σφάλμα
249 2702 357 2785 φέρον
368 2705 414 2789 τῷ
429 2699 607 2789 βαρβάρφ,
624 2704 693 2766 τόν
708 2701 771 2785 μέν
784 2703 877 2783 ἔλεγε
898 2694 1015 2784 ου’δὲν,
1037 2695 1055 2765 6
1073 2697 1107 2764 δὲ

97 2795 137 2866 τά
151 2794 370 2884 εὐτυχέστατα
390 2798 608 2884 ἐκλεγόμενος
629 2804 722 2885 ἔλεγε
741 2798 802 2867 τόν
816 2824 852 2866 τε
861 2795 1107 2886 Ἑλλήσποντον

98 2894 143 2975 ὡς
157 2901 337 2984 ζευχθῆναι
350 2895 458 2984 χρεων
473 2906 524 2983 είη
536 2895 595 2965 ὑπ’
609 2895 734 2985 ἀνδρὸς
743 2900 892 2985 Πέρσεω,
907 2896 970 2986 τη’ν
981 2924 1017 2966 τε
1032 2904 1107 2967 έλα-

97 3014 152 3062 σιν
167 2993 390 3081 ἐξηγεόμενος.
415 2987 514 3074 οὗτός
527 3020 563 3062 τε
577 2993 618 3083 δὴ
632 2999 855 3087 χρησμῳδέων
869 2999 1106 3084 προσεφέρετο,

96 3095 152 3160 καλ
167 3096 202 3161 οἵ
213 3119 249 3161 τε
262 3097 533 3180 Πεισιστρατίδαι
554 3096 609 3161 καὶ
629 3098 663 3162 οἱ
679 3091 854 3186 Ἀλευάδαι
870 3093 1008 3180 γνάμας
1023 3091 1107 3161 άπο·

63 3190 318 3276 λδεικυόμευοι.
356 3189 415 3270 Ὡς
436 3195 472 3260 δὲ
494 3188 697 3279 άυεγνόσθη
718 3193 841 3278 Ξέρξης
861 3192 1106 3278 στρατεύεσθαι

96 3290 150 3356 ἐπὶ
163 3284 385 3377 τὴνἙλλάδα,
401 3293 551 3358 ἐνθαῦτα
565 3292 710 3380 δευτέρην
720 3289 783 3375 μὲν
794 3295 862 3358 ἔτεϊ
869 3286 953 3375 μετά
964 3286 1026 3357 τόν
1039 3289 1104 3356 θά«

94 3412 198 3455 νατον
218 3387 279 3458 τόν
295 3394 446 3476 Δαρείου
460 3395 575 3474 πρῶτα
598 3394 777 3475 στρατηίην
792 3390 938 3457 ποιέεται
959 3387 1013 3456 έπί
1027 3384 1104 3464 τοὺς
