2378 3840
310 199 398 256 LIB.
431 201 489 256 vn.
524 199 623 258 GAP.
658 207 823 265 116-121
1019 203 1077 267 l'll

73 360 176 421 ταῦτα
189 358 252 443 μὲν
261 358 353 448 αύτῷ
363 383 399 426 τε
409 361 541 445 βασιλέι
549 359 605 426 καί
615 373 701 427 τοῖσι
714 359 898 447 ὁμοσίτοισι
909 362 981 450 μετ’
994 366 1080 434 ἐκεί-

70 476 136 519 νου
149 455 342 542 ἐπεποίητο,
356 463 395 545 τῃ
410 455 448 524 δέ
464 454 549 544 ἀλλῃ
563 464 700 544 στρατιῇ
714 456 754 523 τά
771 460 804 537 ἐς
818 455 954 548 φορβὴν
967 466 1079 546 μοῦνα

70 550 266 639 τασσόμενα.
287 551 375 633 όκοος
390 555 426 622 δὲ
440 553 591 623 ἀπίκοιτο
604 552 626 641 ἡ
640 553 789 643 στρατιὴ,
806 556 913 646 σκηνὴ
928 558 992 646 μέν
1002 565 1079 628 ἔσκε

70 666 237 739 πεπηγυῖα
252 654 381 741 ἑτοίμη,
397 655 430 731 ἐς
440 652 502 739 τὴν
517 651 617 733 αὐτὸς
628 652 783 742 σταθμόν
794 658 982 725 ποιεέσκετο
994 660 1078 744 Ξέρ·

70 752 144 836 ξης,
164 747 186 837 ἡ
204 750 241 819 δέ
257 749 341 837 άλλη
359 751 494 841 στρατιὴ
513 759 590 821 ἔσκε
608 750 799 840 ὑπαίθριος.
828 753 872 834 ἀς
887 759 923 823 δὲ
937 761 1077 825 δείπνου

70 854 196 934 γίνοιτο
212 848 293 937 ὥρη,
310 854 344 918 οί
351 855 414 937 μδν
425 851 601 938 δεκόμενοι
611 857 748 938 ίχεσκον
759 853 879 939 πόνον,
895 859 929 922 οί
941 858 977 921 δὲ
988 853 1077 933 ὅπως

69 948 275 1031 πλησθέντες
289 947 396 1016 νύκτα
417 945 523 1017 αὐτοῦ
537 946 714 1036 ἀγάγοιεν,
736 956 776 1037 τῇ
791 947 949 1039 ὑστεραίῃ
965 950 1026 1038 τήν
1040 977 1077 1018 τε

69 1045 199 1130 σκηνὴν
210 1041 463 1126 ἀνασπάσαντες
472 1048 527 1114 καλ
537 1044 577 1114 τά
589 1051 711 1115 ἔπιπλα
723 1046 832 1116 πάντα
842 1047 1003 1135 λαβόντες
1014 1046 1077 1114 οὕ-

69 1167 115 1207 τω
140 1140 410 1232 ἀπελαύνεσκον,
437 1150 606 1226 λείποντες
637 1139 740 1212 οόδλν
773 1142 857 1213 ἀλλά
882 1146 1073 1232 φερόμενοι.

69 1235 175 1308 Ἔνθα
186 1237 491 1331 δήΜεγακρέοντος
501 1239 625 1328 ἀνδρὸς
635 1238 834 1328 Ἀβδηρίτεω
846 1247 924 1321 ίπος
935 1237 1035 1328 εύε
1002 1249 1077 1330 ίρη-
1090 1255 1141 1308 120

69 1339 173 1422 μόνον
189 1336 375 1426 έγέυετο,
356 1366 393 1420 ος
413 1341 661 1429 συνεβούλευσε
680 1337 889 1428 Ἀβδηρίτῃσι
911 1342 1076 1427 πανδημεὶ

68 1432 191 1515 αὐτούς
204 1440 260 1504 καὶ
272 1452 435 1522 γονασπας
448 1437 612 1517 ἐλθόντας
623 1440 656 1516 ές
666 1463 706 1505 τα
694 1435 888 1525 σφέτεραί
886 1463 930 1536 ρα
918 1435 1076 1518 ἵζεσθαι

68 1536 175 1613 ίκέτας
186 1542 254 1603 τῶν
263 1543 368 1624 θεῶν,
383 1539 668 1625 παραιτεομένους
680 1531 783 1604 καὶ
748 1560 786 1604 το
801 1524 924 1604 λοιπόν
936 1556 998 1622 σφι
1009 1533 1075 1603 ἀπ-

67 1636 211 1721 αμύνειν
223 1640 293 1702 τόν
307 1633 472 1703 ἐπιόντων
488 1640 601 1702 κακόν
616 1660 657 1701 τα
645 1630 806 1720 ἡμίσεα,
822 1641 891 1702 τάν
903 1660 939 1702 τε
952 1658 1075 1721 παροι-

67 1737 218 1821 χομένων
233 1740 320 1821 ἔχειν
336 1753 397 1819 σφι
410 1732 561 1818 μεγάλην
575 1733 689 1818 χάριν,
713 1730 766 1800 ότι
779 1729 937 1819 βασιλεὺς
950 1733 1073 1817 ,Ξέρξης

67 1830 108 1901 ού
121 1834 171 1910 δὶς
182 1832 320 1916 ἑκάστης
330 1828 454 1917 ἡμέρης
465 1829 598 1916 ἐνόμισε
610 1843 703 1897 σίτου
714 1831 903 1916 αἱρέεσθαι·
917 1831 1074 1916 παρέχειν

65 1931 131 2019 γάρ
148 1928 193 1998 ἀν
206 1927 434 2018 Ἀβδηρίτῃσι,
451 1935 482 1997 εί
494 1932 549 1997 καὶ
567 1927 705 2017 ἀριστου
719 1936 896 2016 προείρητο
915 1926 1013 2016 ὁμοία
1027 1935 1073 2019 τῷ

68 2036 190 2122 δείπνῳ
200 2028 477 2117 παρασκευάζειν,
488 2023 511 2115 ἢ
522 2025 566 2115 μη
577 2024 761 2115 Ιὑπομένειν
770 2030 897 2118 Ξέρξην
906 2023 1074 2113 έπιόνταῆ

67 2134 327 2215 καταμείναντας
337 2126 480 2195 κάκιστα
493 2127 630 2195 πάντων
641 2124 836 2212 ἀνθρύποτν
850 2130 1070 2214 διατριβῆναι.

151 2231 197 2295 οί
210 2227 272 2312 μὲν
294 2224 335 2312 δὴ
357 2226 546 2312 πιεζόμενοι
562 2224 652 2313 ὅμως
664 2223 702 2295 τό
718 2225 981 2311 ἐπιτασσόμενον
995 2224 1072 2291 έπε-
1085 2237 1134 2290 121

68 2327 194 2410 τέλεον,
215 2327 337 2410 Ξέρξης
357 2326 394 2391 δὲ
416 2327 453 2393 ἐκ
471 2330 530 2411 τῆς
546 2321 717 2392 Ἀκάνθου
738 2322 968 2410 ἐντειλάμενος
988 2335 1073 2391 τοῖσι

66 2435 277 2508 στρατηγοῖσι
293 2420 353 2488 τόν
369 2419 532 2490 ναυτικόν
552 2419 696 2509 στρατόν
709 2419 893 2506 ὑπομένειν
908 2423 945 2489 έν
959 2422 1072 2536 Θέρμῃ

64 2524 173 2611 ἀπῆκε
187 2519 246 2590 ἀπ’
265 2523 391 2590 ἑαυτου
378 2519 610 2609 πορεύεσθαι
621 2516 681 2598 τάς
693 2518 785 2603 νέας,
803 2518 917 2639 Θέρμῃ
936 2517 974 2586 δέ
985 2546 1027 2606 τῃ
1011 2521 1079 2586 έν

63 2653 109 2716 τφ
97 2628 299 2788 Θερμαίφί
295 2619 410 2712 κόλπφ
423 2615 635 2707 οίκημένῃ,’
615 2615 670 2687 αι’
683 2644 724 2704 ης
735 2613 824 2685 καὶ
808 2643 826 2685 ο
841 2613 964 2697 κόλπος
978 2609 1077 2697 οὗτος

62 2726 125 2811 τὴν
144 2726 339 2809 ἐπωνυμίην
357 2725 439 2807 ἔχει·
464 2718 570 2808 ταύτῃ
587 2717 652 2807 γάρ
672 2716 881 2786 ἐπυνθάνετο
900 2717 1072 2806 συντομύ-

63 2851 162 2893 τατον
180 2820 281 2892 εἶναι·
306 2821 401 2911 μέχρι
422 2819 486 2909 μέν
508 2817 576 2908 γάρ
598 2815 763 2888 Ἀκάνθου
789 2810 856 2888 ὧδε
878 2820 1078 2904 τεταγμένος

64 2924 236 3045 ὁστρατός
254 2926 289 2992 ἐκ
304 2929 475 3012 Δορισκον
492 2922 556 3044 τῃν
572 2917 656 2988 ὁδόν
674 2920 833 2988 ἐποιέετο
850 2934 941 3008 τρεῖς
958 2925 1078 3007 μοίρας
1170 2923 1172 2927 ’

65 3019 82 3093 6
108 3016 232 3114 Ξέρξης
263 3021 450 3110 δασάμενος
476 3020 586 3089 πάντα
615 3018 676 3089 τόν
705 3019 804 3103 πεζόν
833 3025 916 3107 μίαν
946 3015 1077 3087 αὐτέων

66 3127 158 3206 ἔταξε
184 3122 274 3213 παρά
300 3122 522 3192 θάλασσανί
507 3118 635 3189 ίέναι“
617 3146 703 3208 ομον
730 3124 777 3211 τῷ
803 3125 966 3210 ναυτικῷ·
994 3118 1076 3187 ταύ-

63 3252 123 3310 της
147 3223 209 3311 μέν
234 3222 276 3310 δη
300 3221 520 3311 έστρατηγεου
539 3218 738 3310 Μαρδόνιός
761 3219 871 3288 τεκαὶ
889 3225 1077 3306 Μασίστης,

67 3326 161 3413 ἑτέρη
179 3323 217 3392 δέ
229 3324 411 3413 τεταγμένη
428 3322 480 3410 ἤιε
492 3326 555 3391 τού
574 3326 717 3410 στρατοῦ
731 3319 920 3409 τριτημορὶς
936 3317 1001 3407 την
1017 3344 1077 3407 με-

66 3425 226 3511 σόγαιαν,
244 3429 303 3511 τῆς
318 3422 537 3513 ἐστρατήγεον
556 3426 816 3512 Τριτανταίχμης
829 3420 933 3490 τεκαὶ
948 3421 1080 3506 Γέργις,
