2378 3840
133 181 197 245 234
493 184 764 244 ·HER01›0r1

135 344 255 433 γόνατε
269 346 324 413 καὶ
340 343 390 412 ὅτι
402 341 550 430 ἀρχῆθεν
565 339 586 429 ἡ
601 349 705 430 έχθρη
720 339 803 431 πρός
817 339 876 410 τὸν
890 343 1065 430 βάρβαρον
1081 336 1139 407 ἀπ’

135 439 247 529 ὑμέων
261 439 342 528 ἡμῖν
356 443 483 528 γέγονε.
505 442 746 527 Θεμιστοκλέης
761 441 911 509 δὲταῦτα
927 447 1062 528 ἔγραψε,
1079 446 1142 508 δὀ-

134 544 223 608 κέειν
234 541 316 625 ἐμοὶ,
328 536 380 606 ἐπ’
394 537 567 625 ἀμφότερα
579 542 697 625 νοέων,
713 533 801 624 ἵναῆ
816 538 965 606 λαθόντα
976 538 1016 605 τά
1028 537 1138 625 γράμ-

134 664 219 723 ματα
239 641 376 724 βασιλέα
397 636 516 715 Ἴωνας
541 635 663 725 ποιήσῃ
683 644 881 724 μεταβαλεῖν
901 637 955 703 καὶ
977 638 1138 721 γενέσθαι

133 733 217 818 πρός
239 738 390 823 ἑωυτῶν,
418 729 438 821 ἢ
466 736 572 802 ἐπείτε
596 732 774 821 ἀνενειχθῇ
794 735 849 802 καὶ
864 738 1032 820 διαβληθῇ
1053 729 1139 815 πρὸς

133 834 272 921 Ξέρξην,
293 831 451 911 ἀπίστους
469 832 592 920 ποιηση
614 828 696 910 τοάς
708 830 827 909 Ἴωνας
848 832 903 898 καὶ
923 837 991 897 τῶν
1005 855 1140 914 ναυμα-

84 950 119 1002 23
135 934 233 1013 χιέων
244 925 367 1008 άάτούς
380 928 517 1018 ἀπόσχῃ.
531 932 770 1016 Θεμιστοκλέης
781 928 842 1016 μὲν
853 936 955 996 ταῦτα
964 931 1138 1014 ἐνέγραψε,

132 1042 217 1095 τοῖσι
233 1027 268 1096 δὲ
282 1027 483 1116 βαρβάροισι
494 1026 612 1096 αὐτίκα
624 1025 705 1114 μετά
720 1033 823 1094 ταῦτα
834 1033 938 1117 πλοίῳ
953 1019 1039 1113 ἦλθε
1050 1022 1138 1112 ἀνὴρ

126 1122 299 1204 Ἱστιαιεὺς
320 1125 490 1212 ἀγγέλλων
509 1123 570 1194 τόν
595 1123 745 1213 δρησμὸν
766 1123 826 1192 τόν
849 1121 906 1192 ἀπ’
930 1123 1139 1212 Ἀρτεμισίου

132 1230 200 1290 τῶν
215 1220 393 1310 Ἑλλήνων.
422 1230 456 1292 οί
474 1222 505 1292 δ’
523 1221 583 1292 ὑπ’
600 1223 752 1309 ἀπιστίης
771 1220 832 1291 τόν
851 1223 913 1307 μὲν
933 1219 1138 1307 ἀγγέλλοντα

134 1318 222 1406 εἶχον
236 1323 272 1387 ἐν
287 1329 431 1411 φυλακῇ,
447 1326 524 1402 νέας
538 1325 574 1391 δέ
585 1326 700 1408 ταχέας
714 1321 910 1391 ἀπέστειλαν
924 1335 1140 1405 προκατοψο-

133 1421 242 1504 μένας.
271 1417 546 1508 ἀπαγγειλάντων
563 1423 599 1488 δέ
618 1421 748 1488 τούτων
761 1417 802 1486 τά
822 1412 883 1506 ἦν,
905 1417 994 1485 οὕτω
1010 1416 1050 1503 δὴ
1069 1417 1139 1503 ἀμα

131 1515 214 1608 ἡλίῳ
229 1522 438 1610 σκιδναμένῳ
449 1516 569 1605 πάσαὴ
582 1514 716 1604 στρατιὴ
733 1521 838 1585 ἐπλωε
853 1512 934 1602 ἁλὴς
946 1517 998 1581 ἐπὶ
1009 1511 1046 1581 τό
1061 1511 1140 1600 Ἀρ-

132 1621 289 1700 τεμίσιον.
313 1617 504 1703 ἐπισχόντες
521 1618 557 1684 δὲ
577 1616 736 1706 ἐντούτῳ
751 1622 795 1705 τςό
812 1617 909 1706 χεόμην
923 1617 1016 1701 μέχρι
1031 1618 1139 1700 μέσου

131 1711 271 1800 ἡμέρης,
289 1709 326 1781 τό
343 1711 408 1782 ἀπό
425 1716 547 1784 τούτου
565 1722 696 1785 ἔπλωον
707 1719 740 1793 ές
749 1712 914 1783 Ἱστίαιαν.
937 1712 1138 1799 ἀπικόμενοι

132 1814 169 1881 δέ
179 1809 242 1899 την
253 1812 354 1883 πόλιν
365 1820 462 1901 ἔσχον
472 1815 735 1903 τῶνἹστιαιέων,
748 1817 870 1902 καὶτῆς
881 1813 1050 1900 Ἐλλοπίης
1061 1821 1135 1900 μοί-

133 1937 209 1998 ρης,
225 1917 285 1996 γῆς
303 1911 339 1979 δὲ
353 1911 646 1998 τῆςἹστιαιήτιδος
659 1911 718 1991 τάς
733 1918 1008 1998 παραθαλασσίας
1023 1913 1138 1999 κοίμας
1166 1938 1168 1943 ·

84 2025 119 2077 24
134 2009 241 2086 πάσας
261 2011 456 2096 ἐπέδραμον.
487 2008 653 2078 Ἐνθαῦτα
669 2013 705 2078 δὲ
725 2009 854 2077 τούτων
876 2009 1001 2077 ἐόντων
1014 2016 1140 2099 Ξέρξης

133 2105 390 2192 ἑτοιμασάμενος
404 2104 444 2174 τά
459 2110 534 2194 περὶ
548 2104 627 2186 τούς
637 2103 779 2191 νεκρούς
790 2111 913 2193 ἔπεμπε
928 2110 962 2185 ἐς
975 2104 1035 2176 τόν
1050 2121 1140 2177 ναυ-

121 2201 227 2271 τικόν
238 2200 381 2292 στρατόν
392 2205 538 2292 κη’ρυκα·
556 2205 819 2291 προετοιμάσατο
832 2203 972 2271 δὲτάδε·
990 2203 1064 2273 ὅσοι
1076 2215 1139 2274 τοῦ

133 2308 277 2389 στρατοῦ
291 2308 353 2369 τοῦ
367 2306 494 2371 ἑωυτοῦ
507 2295 594 2389 ἦσαν
608 2327 723 2389 νεκροι
711 2303 774 2370 ἐν
785 2304 1041 2426 Θερμοπύλῃσι·
1049 2298 1140 2392 ἦσαν

133 2399 169 2464 δὲ
184 2424 239 2464 και
227 2399 316 2464 δύο
330 2401 504 2489 μυριάδες
507 2453 518 2488 ,
533 2399 780 2488 ὑπολιπόμενος
795 2401 925 2470 τούτων
941 2400 984 2482 ὡς
997 2414 1139 2495 χιλίους,

132 2491 211 2574 τούς
230 2496 369 2576 λοιποὺς
389 2497 540 2585 τάφρους
557 2496 762 2586 ὀρυξάμενος
783 2505 905 2588 ἔθανε,
928 2505 1084 2588 φυλλάδα
1102 2533 1140 2574 τε

133 2591 300 2681 έπιβαλάν
314 2600 369 2665 καὶ
382 2606 447 2685 γῆν
457 2600 752 2688 ἐπαμησάμενος,”
736 2626 792 2668 ινα
807 2627 851 2689 μη
864 2598 1086 2690 όφθείησαν’
1068 2604 1138 2674 υπό

132 2698 193 2759 τοῦ
214 2701 377 2761 ναυτικοῦ
398 2705 551 2783 στρατοῦ.
581 2724 626 2777 ως
643 2698 678 2765 δε
699 2701 827 2786 διέβη’
809 2726 842 2778 ες
863 2727 925 2788 την
939 2700 1135 2770 Ἱστίαιαν
1120 2733 1139 2773 ο

132 2793 254 2878 κηρνξ,
272 2791 439 2880 σάλλογον
453 2796 677 2884 ποιησάμενος
694 2793 818 2876 παντὸς
832 2824 894 2865 του
880 2804 1140 2884 στρατοπέδου

132 2896 224 2976 ἔλεγε
239 2889 335 2958 τάδε·
348 2890 488 2982 ’Ἄνδρες
502 2897 678 2984 σύμμαχοι,
693 2893 850 2985 βασιλεῦς
861 2901 1025 2991 Ξέρξης
994 2926 1039 2968 τω
1025 2907 1120 3025 βου

60 3016 63 3021 ·
131 2984 297 3079 λομένω’
279 2991 393 3074 υμέων
423 2998 604 3080 παραδιδοῖ
628 2993 856 3065 ἐκλιπόντα
821 3022 883 3084 την
899 2997 995 3077 τάξιν
1011 3024 1066 3066 και
1055 3000 1120 3068 ἐλ

131 3085 240 3154 θόντα
259 3089 520 3176 θηήσασθαι,“
499 3117 586 3170 οκως
607 3094 744 3214 μάχεται
763 3091 849 3180 πρός
868 3092 948 3173 τούς
970 3091 1140 3217 ἀνοήτους

131 3211 199 3252 των
213 3182 417 3272 ἀνθρώπων,
435 3188 668 3276 οἳηλπισαν
632 3219 694 3280 την
706 3195 860 3282 βασιλέος
872 3191 1047 3312 δάναμιν’
1028 3222 1118 3282 υπερ

82 3297 117 3348 ‘25
132 3285 321 3369 βαλέεσθαι.
359 3291 471 3354 Ταῦτα
487 3288 786 3377 ἐπαγγειλαμένου,
807 3289 888 3376 μετά
909 3298 1013 3360 ταῦτα
1033 3291 1139 3364 οὐδὲν

125 3382 257 3464 ἐγίνετο
270 3387 400 3450 πλοίων
414 3385 652 3474 σπανιώτερον.
676 3386 765 3456 οὕτω
776 3390 890 3457 πολλοὶ
903 3386 1029 3477 η’θελον
1044 3393 1143 3479 θηη-
