2378 3840
129 172 171 238 56
506 174 758 234 HERODOTI

125 347 205 425 γον,
227 338 311 422 μέγα
327 361 378 404 τοι
392 341 539 422 γίνεται,
561 335 617 428 καὶ
639 331 795 421 δεύτερα,
816 329 861 420 ήν
881 335 917 403 σὲ
935 334 1078 424 ἐκεῖνος,
1099 334 1135 406 τὸ

126 433 170 523 μή
186 438 334 522 γένοιτο,
349 432 410 502 ὑπ’
428 432 588 520 ἀξιόχρεω
606 434 660 501 καὶ
672 430 861 502 ἀποθανεῖν
870 431 990 521 ἡμίσεα
1001 456 1136 525 συμφο-

126 534 185 622 ρή·
200 530 303 621 ήμέας
314 532 350 601 δὲ
361 529 441 611 τούς
452 529 618 620 ὑπηρέτας
632 534 775 618 ἑτέροισί
785 558 820 600 τε
831 529 1015 623 ὑπηρέτῃσι
1029 558 1136 625 προσ-

58 631 63 640 '
125 635 290 714 φέρεσθαι
310 632 366 698 καὶ
386 627 471 718 πρός
493 632 614 715 ἵππον,
635 635 697 696 τοῦ
718 626 761 696 σύ
785 625 844 708 τάς
858 628 1009 716 μηχανάς
1031 637 1137 720 μηδὲν

126 735 297 819 φοβηθῇς·
321 726 384 816 ἐμοὶ
399 729 467 816 μάρ
479 755 530 796 τοι
540 725 748 814 ὑποδέκομαι
762 727 809 814 μή
822 755 881 814 μιν
895 727 1022 816 ἀνδρός
1037 738 1085 800 ἔτι
1099 760 1135 819 με

65 852 113 906 112
127 823 270 915 μηδενός
289 825 473 912 στήσεσθαι
489 827 652 894 ἐναντίον.
696 831 808 892 Ταῦτα
832 823 918 913 εἶπε,
941 830 996 896 καὶ
1012 856 1134 915 μεταυ-

126 931 201 995 τίκα
213 927 391 1012 συνέμισγε
402 921 442 992 τά
454 923 661 1010 στρατόπεδα
672 928 752 1012 πεζή
762 924 817 991 καί
828 929 943 1010 νηυσί·
962 929 1065 1012 νηυσὶ
1075 931 1135 1014 μέν

127 1021 312 1102 νυνἼωνες
322 1019 419 1110 ἀκροι
432 1021 609 1109 γενόμενοι
620 1020 746 1106 ταύτην
755 1017 817 1106 τήν
828 1017 956 1108 ἡμέρην
967 1019 1132 1112 ὑπερεβά-

127 1134 227 1193 λοντο
247 1118 327 1200 τούς
348 1127 524 1207 Φοίνικας,
549 1122 604 1187 καὶ
625 1117 756 1186 τούτων
775 1118 901 1203 Σάμιοι
921 1116 1134 1206 ήρίστευσαν·

128 1227 207 1309 πεζή
221 1221 273 1307 δὲ,
291 1215 334 1298 ὡς
347 1226 523 1304 συνῆλθον
533 1215 574 1285 τά
584 1216 809 1312 στρατόπεδα,
825 1217 1040 1303 συμπεσόντα
1055 1217 1132 1305 έμά-

127 1346 243 1407 χοντο,
266 1314 349 1386 κατά
370 1318 406 1386 δέ
420 1314 500 1395 τούς
519 1312 726 1403 στρατηγούς
746 1312 958 1402 ἀμφοτέρους
971 1316 1052 1384 τόδε
1068 1319 1132 1403 έγί-

126 1446 217 1490 νετο·
245 1416 289 1498 ἀς
305 1419 532 1506 προσεφέρετο
552 1412 637 1500 πρὸς
656 1412 717 1483 τόν
735 1410 942 1501 Ὀνήσιλονὸ
962 1412 1134 1504 Ἀρτύβιος

127 1520 179 1585 έπῖ
195 1522 257 1584 τοῦ
272 1520 379 1584 ἵππου
392 1513 589 1602 κατήμενος,
601 1510 619 1581 ὁ
632 1510 813 1600 Ὀνήσιλος,
825 1511 909 1580 κατά
921 1514 1130 1602 συνεθήκατο

125 1622 173 1704 τῷ
184 1611 392 1700 ὑπασπιστῇ,
411 1617 502 1680 παίει
523 1609 803 1698 προσφερόμενον
818 1605 924 1678 αὐτόν
938 1607 1000 1678 τόν
1016 1607 1131 1699 Ἀρτύ-
1145 1658 1150 1667 ·
1165 1649 1170 1658 .

127 1720 213 1801 βιον,
225 1711 443 1801 ἐπιβαλόντος
455 1710 491 1780 δὲ
505 1717 567 1780 τού
577 1713 683 1778 ἵππου
694 1706 773 1789 τούς
783 1709 890 1789 πόδας
900 1713 954 1779 ἐπὶ
964 1708 1027 1798 τήν
1037 1709 1131 1799 Ὀνη

127 1817 223 1880 σίλου
238 1807 378 1899 ἀσπίδα,
404 1813 555 1880 ἐνθαῦτα
579 1810 596 1877 ὁ
626 1808 700 1899 Κάρ
726 1805 882 1902 δρεπάνῳ
906 1811 1032 1897 πλήξας
1047 1810 1131 1880 ἀπα-

128 1911 244 1996 ράσσει
255 1915 317 1978 τοῦ
331 1913 438 1978 ἵππου
452 1907 534 1988 τούς
544 1908 659 1988 πόδας.
688 1905 860 1995 Ἀρτύβιος
874 1910 937 1994 μέν
948 1907 988 1997 δή
1002 1908 1133 2001 ὁστρα-

126 2004 226 2094 τημός
240 2012 309 2074 τόν
322 2009 483 2094 Περσέων
498 2004 586 2093 ὁμοῦ
601 2013 647 2098 τςῖ
664 2009 755 2098 ἵππῳ
770 2012 881 2074 πίπτει
896 2005 1003 2076 αὐτοῦ
1018 2011 1131 2099 ταύτῃ,

63 2123 115 2178 113
126 2104 325 2192 μαχομένων
338 2105 375 2172 δὲ
389 2107 446 2173 καὶ
460 2111 531 2172 τῶν
545 2101 658 2174 ἄλλων
666 2103 872 2193 Στησήνωρ,
886 2108 1056 2192 τύραννος
1071 2107 1132 2178 ἐόν

126 2207 295 2290 Κουρίου,
315 2206 471 2290 προδιδοῖ
487 2207 573 2289 ἔχων
589 2203 736 2290 δύναμιν
753 2200 889 2286 ἀνδρῶν
908 2207 984 2291 περὶ
1006 2205 1131 2275 ἑωυτόν

127 2299 169 2368 ού
180 2299 334 2387 σμικρήν.
351 2304 386 2368 οἵ
394 2299 431 2368 δὲ
437 2305 599 2388 Κουριέες
609 2293 703 2370 οὗτοι
714 2303 867 2387 λέγονται
879 2299 964 2369 εἶναι
975 2300 1130 2392 Ἀργείων

126 2397 270 2466 ἀποικοι.
293 2397 492 2483 προδόντων
503 2401 540 2467 δέ
550 2403 801 2488 τῶνΚουριέων
812 2396 931 2468 αὐτίκα
943 2406 1000 2471 καὶ
1012 2403 1130 2475 τάΣα-

126 2504 291 2586 λαμινίων
310 2499 551 2587 πολεμιστήρια
571 2497 703 2588 ἅρματα
722 2496 829 2566 τώυτό
847 2513 933 2568 τοῖσι
947 2509 1129 2589 Κουριεῦσι

126 2600 267 2666 ἐποίεον.
296 2599 486 2684 γινομένων
514 2596 551 2666 δὲ
576 2597 707 2665 τούτων
734 2600 972 2686 κατυπέρτεροι
992 2594 1084 2688 ήσαν
1102 2605 1131 2669 οἵ

124 2697 252 2783 Πέρσαι
267 2701 337 2762 τῶν
345 2702 518 2783 Κυπρίων.
541 2698 770 2783 τετραμμένου
781 2698 817 2764 δέ
827 2702 889 2764 τοῦ
904 2705 1129 2786 στρατοπέδου

125 2793 221 2862 ἄλλοι
231 2816 268 2860 τε
279 2794 529 2867 ἔπεσονπολλοὶ
539 2797 595 2862 καί
606 2792 647 2881 δή
659 2796 714 2862 καὶ
725 2792 896 2881 Ὀνήσιλός
906 2822 943 2865 τε
953 2795 1128 2886 ὁΚέρσιος,

125 2890 229 2976 όςπερ
267 2887 330 2978 τήν
343 2896 509 2979 Κυπρίων
528 2888 714 2960 ἀπόστασιν
728 2898 865 2980 ἔπρηξε,
887 2895 943 2963 καί
963 2890 982 2963 ὁ
997 2902 1129 2964 Σολίων

124 2986 282 3078 βασιλεύς
293 2986 553 3076 Ἀριστόκυπρος
566 2987 584 3059 ό
601 2993 839 3080 Φιλοκύπρου,
860 2994 1083 3082 Φιλοκύπρου
1096 2995 1129 3062 δὲ

123 3087 263 3172 τούτου,
278 3082 339 3153 τόν
353 3085 478 3156 Σόλων
492 3085 511 3156 ὁ
528 3085 706 3177 Ἀθηναῖος
720 3088 924 3180 ἀπικόμενος
939 3095 973 3172 ές
987 3094 1128 3182 Κύπρον

63 3200 112 3255 114
122 3189 160 3254 έν
174 3190 266 3253 ἔπεσι
280 3193 392 3252 αἴνεσε
413 3187 594 3274 τυράννων
606 3189 759 3276 μάλιστα.
796 3187 973 3276 Ὀνησίλου
987 3193 1053 3278 μέν
1066 3215 1127 3259 νυν

117 3282 355 3371 Ἀμαθούσιοι,
379 3283 431 3353 ότι
445 3289 550 3372 σφέας
569 3288 804 3375 ἐπολιόρκησε,
826 3285 1058 3375 ἀποταμόντες
1070 3284 1127 3374 τήν

119 3391 272 3470 κεφαλήν
286 3382 449 3470 ἐκόμισαν
464 3387 498 3465 ές
515 3382 729 3473 Ἀμαθοῦντα
745 3395 803 3454 καί
817 3411 878 3472 μιν
896 3382 1126 3474 ἀνεκρέμασαν
