2378 3840
117 195 179 258 252
310 250 316 258 .
496 199 745 258 HERODOTI

117 363 210 426 πτιοί
226 383 262 427 τε
283 359 337 425 καὶ
358 359 507 445 Κύπριοι
528 359 583 423 καί
604 363 738 436 Κίλικες
759 360 814 426 καὶ
833 360 1035 447 Πάμφυλοι,
1059 365 1123 426 τῶι

71 473 104 529 ³9
121 455 243 544 ὄφελός
262 461 330 526 ἐστι
347 455 457 526 οὐδέν.
496 462 608 524 Ταῦτα
628 457 791 544 λεγούσης
811 457 894 544 πρός
912 460 1128 548 Μαρδόνιον,

119 554 191 623 ὅσοι
207 554 269 642 μὲν
283 548 372 644 ήσαν
386 553 501 623 εύνοοι
514 561 556 643 τῇ
564 551 762 645 Ἀρτεμισίῃ,
778 556 958 645 συμφορήν
969 561 1130 627 ἐποιεῦν-

118 685 154 726 το
171 656 249 736 τούς
266 656 388 745 λόγους
408 654 453 737 ὡς
469 656 576 725 κακόν
589 682 621 724 τι
642 659 842 743 πεισομένης
858 657 942 745 πρὸς
961 660 1129 746 βασιλέος,

118 754 170 823 ότι
184 753 248 823 οὐκ
264 758 302 845 ἐᾷ
316 762 505 843 ναυμαχίην
515 759 706 841 ποιέεσθαι,
725 760 760 824 οί
769 757 806 824 δὲ
816 753 1015 845 ἀγαιόμενοί
1023 783 1059 825 τε
1072 758 1127 824 καὶ

119 853 325 938 φθονέοντες
336 851 436 944 αὐτῇ,
452 852 511 922 ἀτε
522 856 559 922 έν
570 853 731 941 πρώτοισι
742 855 958 942 τετιμημένης
969 853 1025 924 διδ
1038 855 1131 923 πάν-

118 976 187 1020 των
200 958 268 1018 τῶν
284 952 484 1039 συμμάχων,
502 955 677 1039 ἐτέρποντο
688 959 728 1040 τῇ
742 959 831 1040 κρίσι
843 951 888 1034 ὡς
899 951 1130 1041 ἀπολεομένης

118 1046 227 1135 αύτής.
252 1053 321 1119 ἐπεὶ
332 1053 369 1119 δὲ
380 1049 676 1138 ἀνηνείχθησαναί
684 1057 814 1137 γνῶμαι
825 1053 859 1130 ἐς
870 1055 1007 1140 Ξέρξην,
1018 1052 1129 1139 κάρτα

117 1176 153 1220 τε
168 1148 259 1237 ἥσθη
275 1158 316 1240 τῇ
328 1151 445 1240 γνώμῃ
459 1157 516 1237 τῆς
526 1149 740 1237 Ἀρτεμισίης,
756 1153 810 1219 καί
823 1158 966 1238 νομίζων
980 1157 1028 1220 ἔτι
1041 1153 1129 1238 πρό-

119 1273 218 1335 τερον
232 1245 421 1334 σπουδαίην
439 1246 524 1316 εἶναι
540 1248 614 1315 τότε
628 1253 741 1338 πολλῷ
758 1254 887 1333 μᾶλλον
907 1257 1005 1317 αίνεε.
1037 1248 1129 1335 ὅμως

118 1347 154 1414 δὲ
165 1361 250 1416 τοῖσι
264 1352 380 1416 πλέοσι
394 1354 575 1417 πείθεσθαι
586 1348 727 1434 ἐκέλευε,
743 1350 822 1415 τάδε
833 1343 1026 1437 καταδόξας,
1042 1348 1127 1436 πρὸς

116 1450 179 1535 μὲν
189 1445 317 1536 Εὐβοίῃ
329 1449 433 1534 σφέας
447 1450 680 1517 ἐθελοκακέειν
692 1444 737 1525 ὡς
753 1443 796 1514 ού
810 1448 994 1535 παρεόντος
1004 1447 1126 1536 αὐτοῦ,

117 1548 190 1616 τότε
206 1549 242 1616 δέ
256 1544 358 1626 αὐτός
371 1546 621 1634 παρεσκεύαστο
632 1545 829 1633 θηήσασθαι
844 1550 1105 1634 ναυμαχέοντας.

70 1652 103 1709 10
198 1643 329 1732 Ἐπειδή
341 1647 378 1713 δὲ
386 1640 829 1732 παρήγγελλονάναπλύειν,
838 1641 967 1731 ἀνῆγον
977 1643 1038 1725 τὰς
1048 1651 1127 1725 νέας

116 1745 170 1815 ἐπί
182 1740 245 1832 τήν
255 1751 448 1831 Σαλαμῖνα,
463 1746 519 1811 καί
528 1749 784 1830 παρεκρίθησαν
799 1746 1034 1830 διαταχθέντες
1049 1743 1126 1813 κατ’

116 1842 267 1930 ἡσυχίην.
288 1842 363 1911 τότε
373 1843 437 1930 μέν
450 1867 516 1910 νυν
531 1839 594 1909 ούκ
605 1843 759 1928 ἐξέχρησέ
767 1859 828 1927 σφι
838 1839 858 1928 ή
870 1839 976 1930 ἡμέρη
991 1869 1129 1929 ναυμα-

117 1946 192 2028 χίην
209 1939 432 2027 ποιήσασθαι,
447 1937 509 2020 νύξ
525 1937 589 2026 γάρ
608 1942 798 2026 ἐπεγένετο,
816 1944 851 2008 οί
862 1943 899 2009 δέ
912 1941 1128 2026 παρεσκευά-

118 2046 211 2119 ζοντο
227 2039 260 2116 ἐς
271 2036 333 2124 τήν
345 2037 533 2126 ὑστεραίην.
554 2036 634 2118 τούς
644 2036 848 2125 δὲ”Ελληνας
862 2037 926 2126 εἶχε
938 2043 1012 2119 δέος
1023 2065 1059 2106 τε
1071 2044 1128 2106 καί

117 2133 277 2222 ἀρρωδίη,
293 2133 355 2203 ούκ
369 2135 488 2224 ήκιστα
499 2137 535 2203 δέ
546 2133 626 2215 τούς
637 2133 701 2204 ἀπό
713 2135 986 2223 Πελοποννήσου.
1011 2133 1129 2223 ἀρρώ-

118 2239 197 2302 δεον
212 2233 266 2320 δέ,
281 2232 334 2302 ότι
348 2231 443 2303 αύτολ
458 2237 520 2321 μέν
534 2237 571 2302 έν
586 2242 754 2321 Σαλαμῖνι
768 2235 948 2322 κατήμενοι
962 2232 1048 2322 ὑπὲρ
1065 2242 1128 2322 γῆς

17 2368 20 2385 ›
116 2339 173 2418 τῆς
190 2330 381 2417 Ἀθηναίων
401 2333 603 2419 ναυμαχέειν
622 2336 791 2419 μέλλοιεν,
813 2335 1010 2420 νικηθέντες
1030 2359 1068 2400 τε
1091 2336 1128 2400 έν

116 2428 208 2521 νήσφ
220 2427 498 2516 ἀπολαμφθέντες
509 2431 798 2518 πολιορκήσονται,
815 2429 953 2510 ἀπέντες
963 2427 1027 2518 τήν
1039 2433 1128 2499 ἑωυ-

70 2540 97 2593 71
117 2536 185 2598 τῶν
197 2527 403 2614 ἀφύλακτον.
418 2537 495 2598 Τόν
505 2534 542 2599 δὲ
553 2528 764 2618 βαρβάρωνὸ
777 2527 872 2612 πεζός
883 2526 950 2597 ύπδ
961 2527 1024 2616 τήν
1036 2554 1128 2617 παρ-

118 2635 241 2696 εοῦσαν
256 2628 363 2695 νύκτα
377 2628 555 2715 ἐπορεύετο
573 2630 625 2696 ἐπὶ
639 2626 701 2713 τήν
713 2626 991 2713 Πελοπόννησον·
1015 2633 1127 2698 καίτοι

115 2722 155 2793 τὰ
177 2722 304 2792 δυνατά
325 2724 436 2793 πάντα
456 2726 701 2813 ἐμεμηχάνητο,
723 2725 809 2806 ὅκως
826 2724 899 2794 κατ’
917 2724 1058 2812 ἤπειρον
1080 2726 1127 2816 μή

115 2823 290 2912 ἐσβάλοιεν
304 2827 339 2891 ολ
347 2824 522 2912 βάρβαροι.
547 2823 591 2904 ὡς
604 2823 670 2912 γάρ
681 2825 851 2894 ἐπύθοντο
866 2824 1002 2909 τάχιστα
1012 2832 1127 2894 Πελο-

115 2922 292 3009 ποννήσιοι
306 2919 386 3000 τούς
396 2919 482 3009 ἀμφὶ
488 2928 663 3012 Λεωνίδην
675 2927 712 2992 ἐν
723 2922 959 3011 Θερμοπύλῃσι
971 2933 1127 2993 τετελευ-

115 3023 265 3108 τηκέναι,
287 3019 537 3106 συνδραμόντες
559 3024 596 3088 ἐκ
617 3028 685 3089 τῶν
706 3027 832 3089 πολίων
854 3023 887 3100 ἐς
906 3019 965 3089 τδν
986 3018 1128 3109 Ἰσθμόν

113 3122 233 3204 ἵζοντο,
251 3123 310 3185 καί
321 3137 382 3203 σφι
397 3120 481 3204 έπήν
492 3116 675 3206 στρατηγός
686 3119 919 3207 Κλεόμβροτος
931 3117 949 3188 ὁ
962 3118 1127 3201 Ἀναξαν-

115 3218 251 3301 δρίδεω,
274 3219 452 3283 Λεωνίδεω
473 3217 509 3284 δὲ
524 3215 695 3303 ἀδελφεός.
727 3217 873 3304 ἱζόμενοι
891 3218 927 3286 δὲ
942 3222 980 3287 έν
993 3227 1040 3310 τῷ
1060 3218 1127 3289 Ἰσ-

113 3313 253 3400 θμῷκαλ
260 3311 492 3399 συγχώσαντες
500 3313 562 3401 τήν
569 3308 763 3404 Σκιρωνίδα
771 3313 864 3402 ὁδόν,
872 3315 954 3402 μετὰ
965 3325 1065 3386 τοῦτο
1080 3319 1127 3398 ὥς

105 3427 169 3490 σφι
185 3412 282 3490 ἔδοξε
297 3414 595 3501 βουλευομένοισι,
617 3412 815 3499 οἰκοδόμεον
830 3411 886 3483 διὰ
906 3421 967 3481 τοῦ
985 3411 1126 3502 Ἰσθμοῦ
