2378 3840
137 176 198 240 228
526 184 813 243 111311011061

137 353 196 438 τῆς
212 348 328 439 άντίης
342 352 554 440 προσπλάειν
567 351 610 421 οὔ
622 350 672 422 κά
684 371 743 442 σφι
755 350 868 422 ἐδόκεε
881 352 1034 418 τῶνδε“
1001 369 1147 434 εινεκεν,

139 448 458 538 μηκωςίδόντεςολ“
453 441 1145 541 Ελληνεςπροσπλάονταςέςφυχῆνὁρμή

139 570 242 639 σειαν,
256 550 441 639 φεύγοντάς
453 578 488 622 τε
502 548 652 642 εὐφρόνη
662 547 916 640 καταλαμβάνῃ
934 549 990 618 καί
1004 554 1147 637 ἔμελλον

138 653 246 734 δῆθεν
261 645 501 730 ἐκφεύξεσθαι,
524 645 642 712 ἔδεεδὲ
656 647 740 730 μηδὲ
752 646 988 766 πυρφόροντφ
975 649 1148 715 ἐκείνων

105 756 118 816 λ
136 744 424 862 λόγφέιιφνγόντα
435 741 680 860 περιγενέσθαι.
693 738 900 828 Πρόςταῦτα
913 767 962 810 ων
972 742 1052 813 ταδε
1062 745 1147 832 έμη

135 846 312 931 χανέοντο·
339 847 408 910 τῶν
422 846 525 910 νεῶν
522 837 689 909 ἁπασέων
710 836 952 927 άποκρίναντες
972 845 1147 928 διηκοσίας

24 975 27 980 ·
136 940 364 1027 περιέπεμπον
381 941 508 1021 ἔξωθεν
522 933 743 1022 Σκιάθου,“
721 962 766 1016 ως
782 930 827 1004 άν
842 962 887 1024 μη
876 932 1095 1023 ὀφθέωσι’
1074 937 1144 1007 υπδ

134 1042 204 1106 τῶν
220 1042 389 1124 πολεμίων
403 1033 654 1125 περιπλάσασαι
665 1030 817 1120 Εὔβοιαν
831 1032 916 1102 κατά
931 1059 967 1102 τε
978 1037 1146 1124 Καφηρέα

134 1138 190 1205 καί
202 1131 388 1220 Γεραιστὸν
401 1131 484 1214 ές
449 1160 510 1202 τον
524 1129 734 1220 Εὔριπον,
718 1155 775 1199 ινα
798 1127 839 1218 δη
855 1131 1089 1221 περιλάβοιεν,
1112 1137 1147 1201 οἱ

134 1234 196 1320 μὲν
209 1233 315 1323 ταάτη
335 1228 533 1320 άπικόμενοι
547 1233 602 1301 καί
616 1231 804 1318 φράξαντες
824 1226 937 1299 αὐτῶν
957 1229 1019 1319 τὴν
1033 1229 1144 1302 ὀπίσω

135 1332 307 1419 φέρουσαν
319 1327 413 1421 ὁδδν,
426 1344 522 1417 σφεῖς
533 1330 569 1399 δέ
580 1328 798 1416 ἐπισπόμενοι
808 1329 842 1408 ἐξ
853 1329 1014 1417 ἐναντίης
1037 1337 1144 1400 ταῦτα

134 1429 401 1518 βουλευσάμενοι
411 1427 610 1516 απέπεμπον
618 1452 687 1495 των
696 1432 786 1495 νετόυ
799 1421 858 1505 τάς
873 1433 1061 1516 ταχθείσας,
1078 1426 1144 1496 αὐ-

135 1527 240 1597 τολ’
199 1553 272 1601 ουκ
279 1530 373 1599 ἐν’
331 1556 401 1622 νοφ
416 1536 546 1617 ἔχοντες
560 1527 683 1615 ταύτης
700 1534 760 1615 τῆς
771 1523 896 1616 ἡμέρης
909 1543 995 1598 τοῖσι
1004 1527 1145 1619 Ἐλλησι

135 1625 376 1743 έπιθρίσεσθαι,
397 1623 477 1697 οὐδὲ
490 1625 657 1716 πρότερον
676 1621 698 1714 ἢ
713 1622 751 1695 τὸ
766 1626 936 1750 σύνθημά
942 1648 1003 1716 σφι
1024 1635 1144 1716 ἔμελλε

135 1722 349 1811 φανήσεσθαι
364 1747 454 1811 παρα
466 1750 534 1794 των
544 1721 840 1813 περιπλωοντων
819 1750 863 1804 ως
871 1751 1035 1814 ηκοντων
1056 1730 1144 1797 ταά-

133 1847 191 1902 τας
210 1821 274 1910 μὲν
287 1820 329 1911 δη
345 1824 587 1912 περιέπεμπον,
611 1830 680 1892 τῶν
680 1823 732 1892 δὲ
746 1825 891 1892 λοιπέων
905 1831 993 1893 νεῶν
1006 1827 1045 1894 έν
1065 1834 1144 1918 τῇσι

74 1936 120 1992 8
130 1920 284 2043 Ἀφετῇσι
298 1927 472 1995 ἐποιεῦντο
487 1923 646 2014 άριθμόν
663 1923 718 1995 Ἐν
733 1923 770 1993 δὲ
783 1923 891 2018 τοάτφ
896 1951 952 2048 τφ
966 1924 1089 2045 χρόνῳ,
1106 1926 1146 1993 ἐν

134 2028 179 2113 τῷ
199 2029 294 2090 οῦτοι
314 2019 464 2110 άριθμόν
480 2025 654 2092 ἐποιεῦντο
674 2029 743 2092 τῶν
762 2028 852 2092 νεῶν
873 2015 931 2111 ’ἦν
951 2020 1016 2112 γάρ
1037 2029 1076 2092 έν
1097 2028 1145 2116 τφ

132 2120 343 2212 στρατοπέδφ
357 2120 465 2214 τοάτφ
478 2127 648 2209 Σκυλλίης
661 2130 850 2201 Σκιωναῖος
864 2123 965 2210 δάτης
979 2128 1047 2190 τῶν
1066 2122 1145 2192 τότε

132 2215 361 2305 άνθράπων”
338 2238 489 2306 αριστος,
504 2216 541 2298 ὃς
549 2221 605 2288 καί
616 2222 654 2289 ἐν
663 2246 704 2310 τη
689 2227 910 2312 Ηνανηχίη
870 2248 911 2311 τη
922 2217 1005 2290 κατά
1017 2247 1055 2290 το
1043 2217 1144 2309 Πή·

131 2325 207 2385 λιον
216 2320 381 2407 γενομένη
389 2315 566 2406 πολλάμὲν
577 2324 681 2389 ἔσωσε
690 2327 759 2389 τῶν
769 2320 948 2409 χρημάτων
957 2324 1145 2410 τοῖσιΠέρ·

132 2430 226 2503 σησι,
247 2411 355 2484 πολλοὶ
369 2414 407 2484 δέ
423 2418 478 2485 καί
493 2413 594 2497 αὐτὸς
607 2418 855 2507 περιεβάλετο,
875 2411 1006 2499 οὗτοςὸ
1023 2428 1144 2491 Σκυλ-

131 2517 204 2598 λίης
131 2512 312 2581 λί’έν
270 2538 339 2606 νοφ
354 2514 416 2601 μὲν
431 2512 531 2602 erza*
508 2539 574 2603 αρα
590 2517 646 2585 καὶ
661 2517 828 2606 πρότερον
843 2514 1091 2606 αὐτομολήσειν
1106 2521 1141 2598 ές

130 2609 210 2691 τούς
215 2608 386 2737 Ελληνρις,
402 2612 477 2686 ἄλλ’
491 2611 609 2704 οὖμάρ
625 2621 660 2685 oc
667 2619 810 2705 παρέσχε
821 2614 915 2698 ὦς’
876 2643 960 2688 τοτε.
981 2615 1065 2710 ὅτεφ
1076 2619 1143 2706 μὲν

129 2708 171 2798 δη
186 2710 300 2805 τράπφ
314 2740 352 2783 το
341 2710 530 2785 ἐνθεῦτεν
544 2721 593 2785 ἔτι
606 2715 741 2787 άπίκετο
754 2719 788 2798 ές
802 2716 881 2799 τούς
886 2717 1059 2808 Ἕλληνας,
1075 2718 1142 2789 οὐκ

130 2814 193 2928 ίχω
214 2781 301 2878 είπάι
319 2806 498 2898 ἀτρεκέως,
538 2814 679 2903 θωμάζω
705 2816 758 2900 δέ,
780 2821 812 2885 εί
829 2843 870 2885 τα
858 2814 1051 2904 λεγόμενά
1068 2819 1140 2886 ἐστι

129 2900 267 2992 ἀληθέα.
289 2908 419 2994 λέγεται
432 2903 551 3029 γάρ’
529 2936 574 2989 ως
588 2913 622 2990 ἐξ
631 2907 796 2999 Ἀφετέων
807 2910 869 2993 δύς
879 2910 963 2993 ἐς
926 2940 989 3002 την
1004 2913 1140 2984 θάλασ-

128 3022 193 3070 σαν
206 2997 250 3071 06
265 3002 432 3091 πρότερον
445 3001 575 3092 άνέσχε,
590 3003 703 3095 πρίνῆ
716 3005 852 3078 ιἰπίκετο
870 3006 971 3081 έπλ
936 3036 974 3078 το
987 3006 1137 3098 Ἀρτεμί-

128 3118 219 3186 σιυν,
243 3103 398 3182 σταδίους
417 3101 562 3190 μάλιστά
586 3129 630 3192 κη
649 3104 792 3185 τούτους
811 3106 845 3184 ές
865 3103 1058 3194 ὀχδάκοντα
1080 3107 1137 3176 διά

127 3223 185 3282 της
194 3198 368 3288 θαλασσης
384 3201 578 3283 διεξελθών.
600 3206 729 3289 λέγεται
739 3206 803 3291 μέν
811 3229 879 3272 νυν
889 3209 945 3274 καί
956 3204 1040 3276 αλλα
1050 3219 1139 3289 ψευ-

82 3291 86 3298 ’
127 3295 199 3362 δέσι
210 3302 304 3364 ίκελα
315 3297 391 3383 περὶ
400 3323 462 3366 τον
448 3294 599 3387 ανδρος
610 3325 792 3388 τουτου,τα
780 3297 841 3370 δέ
851 3304 1042 3392 μετεξέτερα
1052 3302 1140 3392 αλη-

127 3397 202 3460 θέα.
224 3395 300 3478 περὶ
317 3395 431 3480 μέντοι
446 3397 570 3468 τούτου
584 3398 703 3488 μνάμα
717 3425 775 3488 μοι
795 3397 1012 3492 ἀποδεδέχθω
1029 3413 1140 3499 πλοίφ
