2378 3840
330 185 417 241 ΗΒ
450 182 494 239 ἢ
532 182 628 239 GAP.
660 188 746 240 50—
756 188 800 240 ⁵3.
929 200 932 207 '
1028 181 1068 244 81

59 343 164 418 καὶ
130 370 168 415 το
184 344 290 432 κάρτα
311 343 421 428 λέγειν
435 347 555 426 ταῦτα,
577 346 787 426 βουλομένην
805 341 856 424 δὲ,
876 350 909 408 εί
920 363 986 420 κ’ως
1002 337 1065 428 ἀμ-

59 445 200 534 φότεροι
216 448 368 529 γενοίατο
383 442 542 526 βασιλέες.
565 433 643 516 τούς
659 429 707 503 σίν
725 435 765 523 δή
781 441 1065 525 Λακεδαιμονίους

59 541 236 626 ἀπορέειν,
252 537 456 623 ἀπορέοντας
472 539 508 604 δέ
523 539 664 623 πέμπειν
675 537 707 614 ές
717 535 876 622 Δελφούς
892 541 1066 627 ἐπειρησο-

58 637 232 731 μένους,”
212 665 229 706 ο
242 666 273 707 τι
284 639 514 725 χρήσωνται
483 642 528 703 τοῦ
540 634 716 722 πρήγματι.
740 632 802 721 τήν
813 638 850 703 δέ
859 643 997 725 Πυθίην
1009 665 1065 706 κε-

59 738 176 809 λεύειν
185 732 331 822 σφέας’
311 735 485 821 αμφότερα
504 758 545 800 τα
533 731 676 799 παιδιοι
693 730 884 818 ἡγήσασθαι
901 739 1066 822 βασιλέας,

60 839 162 922 τιμᾶν
184 834 220 900 δὲ
240 839 368 919 μᾶλλον
390 829 451 899 τόν
467 836 669 917 γεραίτερον.
704 827 766 915 τήν
785 833 847 916 μὲν
868 833 908 918 δή
928 841 1067 919 Πυθίην

60 930 167 1002 τοῦτοί
185 952 245 1016 σφι
260 926 409 1014 ἀνελεῖν,
427 945 512 997 τοῖσι
527 932 564 996 δὲ
578 929 1067 1019 Λακεδαιμονίοισιἀπορέουσι

59 1031 164 1101 ούδέν
184 1033 300 1118 ἕσσον,
326 1029 414 1110 ὅκως
436 1031 595 1116 ἐξεύρωσι
615 1026 728 1096 αὐτῶν
747 1027 808 1096 τόν
828 1032 1067 1120 πρεσβύτερον,

59 1132 256 1202 ὑποθέσθαι
267 1129 375 1216 ἀνδρα
387 1131 641 1249 Μεσσήνιον,
611 1135 655 1195 τῶ
670 1126 799 1213 οὔνομα
812 1120 895 1196 εἶναι
906 1138 1066 1218 Πανίτην.

60 1230 255 1300 ὑποθέσθαι
272 1229 309 1297 δέ
324 1236 445 1296 τοῦτον
465 1226 526 1296 τόν
539 1233 690 1312 Πανίτην
703 1227 783 1293 τόδε
802 1241 888 1295 τοῖσι
900 1233 1069 1296 Λακεδαι-

59 1336 224 1418 μονίοισι,
248 1329 393 1415 φυλάξαι
412 1327 475 1415 τήν
490 1323 744 1414 γειναμένηΨν,
730 1325 890 1411 οκότερον
906 1334 974 1394 τῶν
989 1335 1068 1395 παί-

19 1460 24 1467 ·
61 1433 132 1496 δων
143 1450 309 1513 προτερον
320 1428 413 1494 λουει
425 1428 480 1494 καὶ
491 1431 618 1506 σιτίζει
639 1415 757 1506 καλήν
775 1420 838 1508 μέν
861 1421 944 1491 κατά
962 1422 1066 1492 ταύτά

59 1531 221 1613 φαίνηται
241 1527 305 1592 αίελ
320 1532 477 1611 ποιεῦσα,
498 1520 577 1600 τοῦς
597 1523 634 1588 δὲ
655 1544 723 1586 παν
750 1522 833 1600 ἕξειν
862 1519 945 1589 ὅσον
965 1548 996 1590 τι
1013 1525 1068 1590 καὶ

61 1630 208 1713 δίζηνται
220 1625 275 1691 καλ
286 1625 442 1692 ἐθέλουσι
454 1618 662 1710 ἐξενρεῑν,ήν
673 1622 709 1689 δέ
720 1628 884 1690 πλανᾶται
896 1625 1027 1691 καὶέκεί
1012 1629 1067 1709 ίνη

60 1724 203 1806 έναλλάξ
212 1733 363 1810 ποιεῦσα,
378 1726 461 1812 δήλά
475 1747 535 1812 σφι
547 1722 746 1809 έσεσθαι,ὑς
757 1721 835 1791 οὐδὲ
846 1727 954 1813 έκείνη
965 1730 1067 1795 πλέον

60 1823 163 1894 οὐδέν
177 1819 256 1906 οἶδε,
270 1823 321 1891 ἐπ’
335 1823 440 1911 ἀλλην
450 1828 488 1892 τέ
496 1845 600 1910 σφεας
610 1821 797 1908 τρέπεσθαι
808 1820 898 1893 ὁδόν.
918 1829 1067 1894 ἐνθαῦτα

62 1920 101 2009 δή
118 1917 199 1998 τοῦς
209 1923 421 2008 Σπαρτιήτας
437 1919 520 1989 κατά
532 1918 590 1998 τάς
604 1926 665 1987 τοῦ
676 1927 874 2006 Μεσσηνίου
890 1921 1067 2011 ὑποθήκας

61 2021 274 2109 φυλάξαντας
292 2020 354 2109 τήν
373 2025 497 2110 μητέρα
514 2029 582 2089 τῶν
598 2019 837 2109 Ἀριστοδήμου
859 2030 989 2092 παίδων
1005 2034 1067 2094 λα-

62 2128 134 2207 βεῖν
152 2114 358 2188 κατάταύτά
369 2117 548 2205 τιμέουσαν
560 2116 620 2185 τόν
634 2118 801 2205 πρότερον
812 2125 867 2190 καὶ
878 2129 997 2191 σίτοισι
1012 2125 1067 2190 καὶ

62 2226 242 2302 λουτροῖσι,
255 2213 318 2284 ούκ
333 2221 461 2285 εἰδυῖαν
487 2223 555 2284 τῶν
570 2219 697 2284 εἵνεκεν
708 2217 924 2302 ἐφυλάσσετο.
941 2219 1067 2307 λαβόν-

63 2346 119 2397 τας
135 2318 172 2385 δὲ
186 2316 224 2383 τὸ
241 2323 376 2385 παιδίον
390 2315 427 2385 τδ
443 2314 635 2402 τιμεόμενον
647 2313 731 2400 πρός
744 2323 801 2404 τῆς
812 2323 1008 2407 γειναμένης
1024 2317 1068 2399 ὑς

62 2416 120 2489 έῦν
133 2415 299 2503 πρότερον
313 2419 449 2504 τρέφειν
461 2419 498 2485 έν
508 2423 554 2506 τῷ
569 2420 732 2508 δημοσίῳ·
754 2423 813 2484 καί
825 2421 859 2485 οί
868 2415 998 2504 οὕνομα
1013 2443 1067 2486 τε·

63 2524 167 2607 θῆναι
182 2513 421 2602 Εὐρυσθένεα,
447 2522 493 2604 τῷ
515 2516 551 2582 δέ
571 2517 722 2606 νεωτέρω
740 2518 903 2600 Προκλέα.
926 2514 1067 2593 τούτους

63 2612 298 2699 ἀνδρωθέντας
315 2611 440 2692 αὐτούς
455 2639 491 2681 τε
508 2610 693 2699 ἀδελφεούς
714 2611 828 2703 ἐόντας
843 2616 979 2700 λέγουσι
994 2618 1068 2682 δια-

63 2714 192 2801 φόρους
204 2711 289 2780 είναι
305 2711 365 2782 τόν
378 2712 488 2781 πάντα
501 2712 627 2798 χρόνον
642 2717 699 2798 τής
715 2711 788 2797 ζόης
803 2708 991 2800 ἀλλήλοισι,
1012 2714 1067 2781 καὶ

62 2806 140 2888 τούς
155 2806 220 2876 ἀπό
232 2809 363 2878 τούτων
372 2812 576 2898 γενομένους
589 2806 746 2888 ὡσαύτως
758 2813 946 2879 διατελέειν.
963 2818 1067 2878 ταῦτα
1081 2827 1116 2881 53

61 2907 122 2995 μέν
144 2909 405 2995 Λακεδαιμόνιοι
426 2913 562 2996 λέγουσι
583 2914 704 2996 μοῦνοι
719 2906 906 2996 Ἑλλήνων,
927 2908 1007 2976 τάδε
1031 2907 1067 2976 δέ

10 3066 14 3089 ,
62 3004 144 3077 κατά
180 3003 221 3073 τά
239 3007 402 3095 λεγόμενα
426 3003 489 3077 ὑπ’
519 3005 912 3096 Ἑλλήνωυέγώγροίφω·
927 3005 1068 3084 τούτους

65 3105 125 3194 νάρ
141 3102 181 3192 δή
200 3104 279 3186 τοὺς
294 3112 457 3192 Δωριέων
477 3112 632 3197 βασιλέας
653 3109 747 3194 μέχρι
769 3105 831 3193 μέν
846 3106 993 3191 Περσέος
1006 3110 1067 3172 τοῦ

61 3205 210 3291 Δανάης,
225 3212 287 3272 τοῦ
297 3214 384 3275 θεοῦ
396 3204 569 3292 ἀπεόντος,
585 3209 870 3292 καταλεγομένους
881 3201 995 3289 ὀρθῶς
1005 3199 1064 3271 ὑπ’

55 3301 224 3420 Ἐλλήνων
237 3306 291 3371 καὶ
302 3302 642 3392 ἀποδεικνυμένους
622 3331 666 3383 ως
675 3305 752 3374 εἰσὶ
753 3303 915 3390 Έλληνες
929 3300 1041 3390 ἤδη
1001 3327 1067 3388 γαρ

63 3408 242 3491 τηνικαῦτα
254 3400 308 3478 ές“
304 3411 408 3489 Ελληι
405 3430 453 3483 ας
464 3395 557 3471 οὑτοι
569 3404 707 3472 έτέλεον.
725 3407 817 3482 ἔλεξα
829 3404 865 3470 δὲ
876 3403 969 3488 μέχρι
978 3408 1068 3485 Περ-

144 3512 245 3550 menon
270 3497 299 3550 ΙΙ
1079 3548 1132 3626 Ι
