2378 3840
135 200 199 264 ³38
513 199 765 257 HERODOTI

136 367 175 429 αἳ
185 357 225 445 δή
243 365 367 446 ἔφερον
378 359 411 435 ές
421 354 501 435 τους
512 361 702 442 πολεμίους,
717 359 772 424 καὶ
785 359 877 435 τέλος
892 355 992 423 αὐτοί
1005 374 1075 440 σφι
1085 357 1147 438 ἐγί-

136 481 236 523 νοντο
260 461 445 531 κτείνοντες
465 453 714 538 πολεμιώτατοι.
750 452 839 521 οὕτω
860 450 960 540 δήτὸ
985 453 1149 536 δεύτερον

74 567 126 622 105
132 551 239 637 Ἰωνίη
254 548 319 618 ἀπὸ
333 551 493 636 Περσέων
507 546 641 636 ἀπέστη.
670 546 725 617 Ἐν
739 551 775 618 δέ
789 550 893 638 ταότη
912 557 953 638 τῇ
968 551 1065 638 μάχη
1079 547 1146 618 Ἑλ-

138 653 251 739 λήνων
266 647 467 736 ἠρίστευσαν
478 645 660 733 Ἀθηναῖοι,
676 649 731 716 καὶ
742 645 930 735 Ἀθηναίων
939 648 1148 735 Ἑρμόλυκος

138 745 345 831 ὁΕάθόνου,
361 742 447 831 ἀνήρ
459 743 666 832 παγκράτιον
680 745 877 830 ἐπασκήσας.
900 751 1031 813 τοῦτον
1043 745 1082 814 δὲ
1093 743 1148 812 τὸν

132 843 340 929 Ἑρμόλυκον
356 842 515 928 κατέλαβε
532 839 676 927 ὕστερον
692 841 838 926 τούτων,
862 844 1016 926 πολέμου
1035 843 1147 919 ἐόντος

134 941 277 1027 Ἀθηναί
262 946 344 1007 ίοισί
360 964 396 1006 τε
416 940 472 1005 καὶ
491 945 726 1025 Καρυστίοισι,
752 940 790 1005 ἐν
806 938 932 1027 Κόρνφ
952 944 1016 1022 τῆς
1031 945 1146 1024 Καρυ-

137 1047 228 1126 στίης
242 1037 352 1125 χόρης
361 1035 580 1104 ἀποθανόντα
591 1037 628 1102 έν
642 1036 729 1124 μάχη
744 1038 878 1103 κέεσθαι
896 1036 951 1101 ἐπὶ
962 1040 1180 1125 Γεραιστῷ.“
1176 1072 1180 1113 ,

136 1135 265 1223 μεταδ
276 1132 476 1221 Ἀθηναίους
483 1139 662 1218 Κορίνθιοι
673 1138 728 1202 καί
742 1133 928 1218 Τροιζήνιοι
939 1135 997 1200 καὶ
1009 1134 1142 1202 Σικυό·

135 1259 202 1300 νιοι
215 1229 426 1317 ἠρίστευσαν.

75 1345 124 1399 106
220 1329 348 1415 Ἐπείτε
368 1330 404 1397 δὲ
418 1328 664 1414 κατεργάσαντο
679 1327 736 1396 οί“
729 1337 876 1414 Ελληνες
889 1325 971 1406 τοάς
986 1326 1143 1412 πολλαός,

136 1428 215 1507 τούς
229 1410 292 1514 μὲν
305 1430 528 1514 μαχομένους,
551 1424 631 1505 τοάς
646 1428 751 1496 δὲκαὶ
766 1428 954 1515 φεύγοντας
974 1434 1052 1496 τῶν
1066 1435 1139 1515 βαρ·

136 1526 263 1615 βάρων,
274 1521 333 1602 τὰς
343 1527 420 1601 νέας
431 1526 618 1641 ἐνέπρησαν
630 1525 685 1591 καί
694 1521 731 1590 τδ
742 1539 846 1610 τεῖχος
857 1521 960 1609 ἀπαν,
970 1520 1041 1610 τήν
1052 1529 1140 1610 ληίην

137 1620 421 1708 προεξαγαγόντες
441 1617 530 1698 ἐς
495 1646 556 1687 τον
573 1620 743 1708 αίγιαλόν,
765 1622 820 1688 καί
833 1621 1040 1707 θησαυρούς
1058 1643 1139 1696 τινας

137 1723 314 1812 χρημάτων
328 1714 440 1842 εὖρον.
461 1722 689 1808 ἐμπρήσαντες
705 1719 789 1788 δὲ
755 1746 792 1787 το
807 1735 911 1885 τείίχος
924 1719 1039 1788 καὶ
1000 1747 1063 1798 τας
1073 1722 1139 1794 νέας

138 1821 323 1889 ἀπέπλωον.
353 1815 551 1905 ἀπικόμενοι
572 1820 608 1886 δὲ
628 1821 661 1897 ές
679 1817 837 1903 Σάμονο
838 1815 1026 1903 ίΕλληνες
1049 1818 1140 1904 έβου-

136 1920 276 1990 λεόοντο
292 1915 402 2000 περὶ’
382 1919 583 1996 αναστάσιος
597 1925 654 2006 τῆς
668 1916 808 2002 Ἰωνίης,
823 1919 878 1983 καὶ
894 1914 957 2004 ὅκη
970 1915 1087 2002 χρεοδν
1097 1925 1138 2000 είη

136 2025 193 2105 τῆς
207 2015 364 2094 Ἑλλάδος
378 2023 563 2085 κατοικίσαι
579 2025 637 2103 τής
652 2013 746 2084 αὐτοὶ
766 2017 969 2101 ἐγκρατέες’
951 2009 1064 2103 ἦσαν,
1087 2013 1139 2102 τήν

137 2112 193 2183 δὲ’
188 2121 314 2199 Ιωνίην
324 2109 459 2181 ἀπεῖναι
469 2129 554 2182 τοῖσι
565 2115 774 2203 βαρβάροισι.
787 2112 957 2182 ἀδύνατον
967 2114 1039 2202 γάρ
1052 2119 1137 2202 έφαί·

138 2213 215 2281 νετό
229 2231 290 2296 σφι
310 2209 394 2279 εἶναι
415 2211 561 2290 έωυτοός
582 2239 618 2280 τε
635 2212 757 2281 Ἰάνων
776 2218 1013 2300 προκατῆσθαι
1037 2237 1143 2300 φρου-

49 2322 51 2327 ’
139 2317 275 2394 ρέουτας
289 2307 350 2376 τὸν
364 2311 474 2376 πάντα
490 2311 630 2397 χρόνον,
652 2316 707 2380 καὶ
724 2314 857 2379 ἑωυτῶν
872 2307 915 2396 μή
931 2311 1133 2396 προκατημέ

138 2433 209 2476 νων
219 2404 339 2483 ’Ἰωνας
359 2404 520 2492 οὐδεμίαν
541 2409 657 2474 ἐλπίδα
675 2406 763 2492 εἶχον
783 2413 956 2492 χαίροντας
976 2404 1067 2492 πρὸς
1081 2413 1143 2473 τῶν

139 2508 296 2590 Περσέων
312 2500 524 2583 ἀπαλλάξειν.
554 2503 637 2591 πρὸς
657 2512 761 2572 ταῦτα
775 2511 1065 2588 Πελοποννησίων
1086 2504 1144 2588 μὲν

137 2617 223 2672 τοῖσι
237 2603 275 2669 έν
288 2603 375 2668 τέλει
387 2603 481 2668 ἐοῦσι
495 2603 607 2669 ἐδόκεε
622 2609 690 2669 τῶν
703 2601 916 2688 μηδισάντων
929 2603 1066 2668 ἐθνέων
1079 2607 1145 2667 τῶν

132 2700 335 2784 Ἑλληνικῶν
351 2695 389 2764 τά
409 2698 551 2783 ἐμπόρια
569 2699 852 2784 ἐξαναστήσαντας
865 2702 984 2765 δοῦναι
1000 2696 1067 2784 τήν
1082 2696 1144 2783 χω·

54 2810 64 2825 ’
139 2824 203 2885 ρην
216 2795 307 2865 ’Ἰωσι
328 2799 514 2882 ἐνοικῆσαι,
536 2792 743 2882 Ἀθηναίοισι
765 2798 801 2863 δὲ
818 2793 881 2863 οὐκ
902 2794 1018 2862 ἐδόκεε
1039 2791 1145 2880 ἀρχήν
1170 2816 1179 2877 η

135 2895 263 2978 Ἰωνίην
277 2894 436 2976 γενέσθαι
447 2890 645 2979 ἀνάστατον,
661 2889 740 2959 οὐδὲ
749 2899 1055 2976 Πελοποννησίοισι
1070 2891 1145 2974 περὶ

139 3000 206 3061 τῶν
227 2994 397 3077 σφετέρων
417 2988 596 3058 ἀποικιέων
615 2991 800 3079 βουλεύειν.
829 2987 1145 3056 ἀντιτεινόντωνδὲ

140 3093 269 3160 τούτων
283 3090 468 3176 προθύμως
482 3089 572 3172 εἶξαν
584 3095 618 3160 οί
626 3090 902 3175 Πελοποννήσιοι.
922 3089 979 3156 καὶ
994 3087 1090 3156 οὕτω
1106 3086 1145 3171 δή

141 3193 290 3273 Σαμίους
303 3211 339 3255 τε
355 3189 410 3254 καί
420 3194 523 3266 Χίους
536 3190 592 3256 καὶ
601 3194 765 3274 Λεσβίους
780 3188 834 3252 καί
847 3181 925 3262 τούς
940 3182 1069 3263 ἀλλους
1084 3211 1145 3270 νη-

141 3285 276 3366 σιότας,
292 3289 326 3350 οἳ
339 3287 457 3368 ἔτυχον
474 3284 776 3369 συστρατευόμενοι
790 3277 1035 3370 τοίσιἙλλησι,
1058 3285 1095 3362 ἐς
1108 3277 1145 3350 τδ

141 3375 350 3464 συμμαχικὸν
364 3380 579 3467 ἐποιήσαντο,
596 3387 684 3449 πίστι
698 3406 734 3448 τε
749 3379 992 3466 καταλαβόντες
1009 3382 1068 3450 καὶ
1085 3377 1142 3465 ὁρ-

96 3602 170 3620 a*
