2378 3840
136 207 201 271 300
514 207 763 266 HERODOTI

136 373 208 436 λον.
230 368 266 433 ίκ
281 365 404 434 τούτου
419 372 480 433 τοῦ
495 370 597 453 ἔργου
613 363 783 453 εὑρόμεθα
798 367 835 433 έν
843 371 1148 454 Πελοποννησίοισι

133 479 221 534 Ιτοῖσι
237 466 311 534 τότε
326 469 381 534 καί
396 465 480 534 ἀλλα
493 468 592 553 γέρεα
606 466 751 552 μεγάλα,
766 465 806 533 τὰ
823 468 1035 554 διατελέομεν
1051 471 1149 552 ἔχον-

138 591 206 651 τες,
231 569 285 633 καλ
302 572 363 633 τού
377 567 492 652 κέρεος
505 571 566 631 τού
581 566 696 650 ἑτέρον
711 565 774 630 αίελ
793 560 1013 651 ἡγεμονεύειν
1030 568 1149 648 κοινῆς

138 665 257 746 έξόδου
272 669 458 753 γενομένης.
483 664 564 752 ὑμίν
579 669 641 754 μέν
656 693 732 752 νυν,
749 658 777 733 ἀ
790 667 1066 754 Λακεδαιμόνιοι,
1086 664 1149 735 οὐκ

67 846 69 848 ἡ
138 760 360 848 ἀντιεύμεθα,
382 760 467 832 ἀλλά
488 761 637 841 διδόντες
652 765 783 850 αἵρεσιν
799 761 959 851 ὁκοτέρου
975 763 1147 854 βούλεσθε

137 861 251 943 κέρεος
262 856 379 947 ἀρχειν
388 867 561 948 παρίεμεν,
572 866 633 928 τού
645 861 681 928 δὲ
693 862 806 946 ἑτέρον
819 862 930 946 φαμὲν
940 859 1045 948 ἡμέας
1057 861 1147 929 ίκνέ-

59 956 68 970 ’
139 967 238 1026 εσθαι
252 955 489 1044 ἡγεμονεύειν,
512 954 658 1040 κατύπερ
680 959 718 1024 έν
731 963 777 1048 τῷ
791 958 922 1043 πρόσθε
935 958 1057 1051 χρόνῳ.
1082 984 1147 1045 ηει-

138 1062 190 1143 ρίς
200 1081 235 1123 τε
246 1056 370 1123 τούτου
383 1063 448 1124 τού
460 1055 677 1143 ἀπηγημένου
689 1061 791 1141 ἔργον
802 1053 1048 1141 ἀξιονικότεροί
1057 1064 1147 1144 είμεν

134 1155 325 1242 Ἀθηναίων
339 1155 465 1242 ταύτην
485 1153 549 1243 τῆν
565 1157 660 1236 τάξιν
675 1161 770 1241 ἔχειν.
795 1160 912 1225 πολλοί
926 1159 989 1243 μὲν
1009 1155 1078 1245 γάρ
1093 1159 1146 1224 καὶ

138 1247 178 1321 εύ
193 1259 322 1338 ἔχοντες
335 1251 419 1338 πρός
430 1253 635 1342 ὑμέαςὴμίν,
651 1252 772 1341 ἀνδρες
782 1263 1000 1342 Σπαρτιῆται,
1018 1255 1147 1343 ἀγῶνες

137 1353 357 1442 ἀγωνίδαται,
373 1357 491 1424 πολλοὶ
504 1355 541 1422 δὲ
551 1357 606 1422 καί
620 1351 704 1440 πρός
719 1352 849 1434 ἀλλους,
874 1353 962 1422 οὕτω
979 1348 1030 1423 ἀν
1045 1353 1145 1442 ἡμέας

138 1459 269 1522 δίκαιον
286 1458 373 1539 ἔχειν
387 1449 424 1521 τό
440 1455 556 1539 ἕτερον
570 1456 668 1538 κέρας
681 1451 768 1539 ῆπερ
779 1449 988 1539 Ἀθηναίους.
1021 1451 1065 1520 ού
1082 1454 1146 1540 γάρ

137 1564 201 1643 σφί
212 1559 280 1624 έστι
292 1560 372 1640 ἔργα
390 1549 507 1639 οἷοίπερ
526 1553 607 1641 ἡμῖν
619 1555 879 1640 κατεργασμένα,
896 1549 969 1620 οὔτ’
984 1545 1033 1620 ἀν
1046 1550 1145 1621 καινά

88 1671 122 1726 27
140 1653 218 1722 ούτε
238 1652 372 1722 παλαιοί.
406 1657 450 1720 Ol
464 1653 527 1739 μὲν
542 1658 646 1720 ταῦτα
664 1657 799 1738 ἔλεγον,
816 1647 989 1737 Ἀθηναῖοι
1010 1653 1050 1717 δὲ
1064 1647 1147 1734 πρός

136 1758 241 1820 ταῦτα
251 1748 476 1836 ὑπεκρίναντο
487 1750 583 1818 τόδε·
596 1747 819 1835 Ἐπιστόμεθα
829 1750 892 1834 μὲν
903 1747 1054 1816 σύνοδον
1066 1748 1145 1834 τήν·

138 1855 176 1919 δε
195 1848 444 1936 μάχηςέἳνεκεν
458 1855 660 1935 συλλεγῆναι
680 1844 764 1934 πρός
779 1843 840 1914 τόν
853 1845 1047 1934 βάρβαρον,
1070 1841 1145 1913 ἀλλ’

136 1946 179 2016 ού
191 1948 320 2033 λόγων·
343 1949 412 2016 ἐπεὶ
426 1951 462 2015 δὲ
477 1945 495 2015 ὁ
511 1947 674 2034 Τεγεήτης
686 1947 856 2032 προέθηκε
867 1943 992 2014 παλαιά
1003 1948 1061 2013 καὶ
1072 1971 1148 2012 και-

136 2043 179 2112 νά
195 2047 314 2131 λέγειν,
329 2045 370 2113 τά
386 2049 568 2131 ἑκατέροισι
585 2047 622 2112 έν
631 2051 678 2135 τῷ
691 2047 789 2112 παντλ
803 2044 913 2132 χρόνῳ
925 2045 1148 2127 κατέργασται

135 2142 272 2231 χρησταί,
287 2144 476 2229 ἀναγκαίως
490 2141 571 2230 ἡμῖν
586 2149 651 2229 ἔχει
667 2140 912 2230 δηλῶσαιπρός
926 2139 1042 2228 ὑμέας,
1062 2139 1146 2209 ὅθεν

134 2239 216 2328 ἡμῖν
232 2242 403 2326 πατρώϊόν
421 2245 488 2310 έστι
506 2245 600 2309 εὀύσι
615 2257 785 2328 χρηστοῖσι
800 2245 862 2309 αίεί
879 2241 1043 2330 πρώτοισι
1061 2239 1148 2307 εἶναι

135 2335 297 2423 μᾶλλονῆ
310 2335 454 2425 Ἀρκύσα
472 2337 698 2424 Ἡρακλείδας,
708 2346 776 2407 τῶν
788 2333 885 2407 οὗτοί
894 2359 976 2425 φασι
988 2337 1148 2407 ἀποκτεί-

137 2461 195 2502 ναι
210 2433 271 2503 τόν
284 2433 434 2523 ἡγεμόνα
449 2439 487 2504 έν
499 2433 638 2526 Ἰσθμῷ,
654 2437 795 2515 τούτους
808 2437 991 2522 πρότερον,
1007 2439 1148 2516 ἐξελαυ-

136 2538 301 2622 νομένους
314 2533 381 2604 ὑπό
403 2536 541 2604 πάντων
556 2542 625 2602 τῶν
639 2533 810 2621 Ἑλλήνων
829 2538 861 2613 ές
876 2531 954 2613 τούς
969 2532 1149 2602 ἀπικοίατο

136 2635 320 2721 φεύγοντες
335 2635 550 2721 δουλοσύνην
566 2633 650 2721 πρὸς
667 2639 895 2719 Μυκηναίων,
916 2639 1039 2718 μοῦνοι
1057 2630 1149 2699 ὑπο-

136 2736 310 2823 δεξάμενοι
330 2734 393 2823 τὴν
408 2733 606 2821 Εὐρυσθέος
626 2732 729 2822 ὕβριν
743 2740 955 2819 κατείλομεν,
977 2729 1044 2799 σύν
1059 2734 1148 2800 ἐκεί-

135 2845 224 2904 ύοισι
235 2836 322 2924 μάχη
333 2835 529 2922 νικήσαντες
539 2831 618 2913 τούς
631 2833 706 2900 τότε
721 2837 855 2917 ἔχοντας
867 2827 1146 2916 Πελοπόννησον.

134 2941 233 3003 τούτο
245 2935 281 3001 δὲ
292 2931 460 3020 Ἀργείους
469 2929 548 3010 τούς
558 2930 639 3016 μετὰ
647 2936 871 3008 Πολυνείκεος
878 2932 930 2997 ίπί
937 2927 1052 3015 Θήβας
1065 2927 1146 2996 ἐλύ-

134 3051 272 3118 σαντας,
294 3031 554 3118 τελευτήσαντας
573 3027 633 3097 τόν
655 3035 761 3097 αίῶνα
782 3031 838 3097 καὶ
857 3025 1008 3113 ἀτάφους
1031 3029 1148 3112 κειμέ·

133 3160 231 3220 νονς,
247 3131 528 3219 στρατευσόμενοι
546 3131 599 3197 ἐπὶ
612 3127 692 3207 τούς
702 3133 892 3216 Καδμείους
907 3124 1093 3195 ἀνελέσθαι
1110 3152 1147 3194 τε

132 3232 211 3313 τούς
231 3232 375 3320 νεκρούς
392 3254 503 3319 φαμεν
518 3234 572 3300 καί
591 3231 703 3312 θάψαι
720 3236 777 3316 τῆς
791 3225 952 3315 ἡμετέρης
972 3228 1009 3294 έν
1027 3224 1145 3295 Ἐλευ-

131 3346 209 3399 σίνι.
239 3336 307 3398 ἔστι
322 3334 358 3397 δὲ
372 3327 452 3417 ἡμῖν
468 3335 568 3418 ἔργον
589 3321 629 3397 εύ
643 3333 719 3414 έχον
734 3329 790 3395 καὶ
803 3328 836 3404 ές
853 3322 1068 3412 Ἀμαζονίδας
1084 3323 1145 3402 τάς

120 3426 192 3497 ἀπό
207 3428 452 3520 ἀερμύδοντος
473 3433 624 3515 ποταμοῦ
641 3424 846 3514 ἐσβαλούσας
860 3423 935 3492 κοτὲ
951 3423 984 3500 ές
997 3428 1064 3507 γῆν
1078 3418 1144 3508 τήν
1179 3481 1183 3492 ,
