2378 3840
68 155 111 221 80
448 155 701 215 HERODOTI

69 317 162 404 διέβη
174 316 207 394 ές
213 322 368 401 Αίγιναν,
375 313 581 400 βουλόμενος
593 319 772 401 συλλαβεῖν
779 319 988 402 Αἰγινητέων
998 311 1077 393 τούς

69 413 292 493 αἰτιωτάτους.
323 408 367 490 ὡς
382 410 418 479 δέ
435 414 588 499 ἐπειρᾶτο
603 411 862 500 συλλαμβάνων,
877 408 974 480 ἄλλοι
984 437 1021 478 τε
1036 406 1077 496 δὴ

69 508 159 602 αὐτῷ
179 513 330 596 ἐγίνοντο
353 505 499 588 ἀντίξοοι
519 514 587 576 τῶν
605 509 829 595 Αἰγινητέων,
856 509 893 575 έν
914 508 950 574 δὲ
966 505 1007 593 δὴ
1023 509 1078 574 καὶ

68 607 203 697 Κρῑοςὸ
219 614 433 695 Πολυκρίτου
449 608 609 695 μάλιστα,
624 604 660 686 ὃς
672 604 735 675 οὐκ
751 613 815 694 ἔφη
832 603 937 674 αὐτὸν
953 605 1077 674 οὐδένα

69 705 161 788 άξειν
174 711 334 794 χαίροντα
344 706 569 793 Αἰγινητέων·
593 703 676 774 άνευ
687 705 752 793 γάρ
766 732 826 793 μιν
836 708 1078 793 Σπαρτιητέων

68 811 129 873 τοῦ
143 811 262 873 κοινοῦ
273 808 399 873 ποιέειν
413 811 518 873 ταῦτα
534 801 594 871 ὐπ’
607 802 797 892 Ἀθηναίων
812 801 1077 890 ἀναγνωσθέντα

67 902 226 989 χρήμασι·
249 899 318 989 άμα
326 898 392 989 γάρ
404 899 447 969 άν
457 928 517 989 μιν
527 907 573 992 τῷ
585 905 684 994 έτέρηο
695 905 827 991 βασιλέι·
836 903 981 972 ἐλθόντα
993 911 1076 972 συλ-

69 998 264 1086 λαμβάνειν.
288 1003 381 1084 έλεγε
392 999 429 1067 δέ
442 1004 547 1066 ταύτα
558 1001 591 1079 ἐξ
603 1002 776 1087 ἐπιστολῆς
790 1009 848 1089 τῆς
857 1000 1074 1091 Δημαρήτου.

69 1098 260 1183 Κλεομένης
276 1095 313 1164 δὲ
327 1092 599 1183 ἀπελαυνόμενος
613 1100 650 1166 έκ
664 1103 722 1184 τῆς
737 1105 878 1186 Αηιίυης
894 1109 998 1188 είρετο
1014 1097 1075 1166 τόν

69 1201 192 1282 Κρῑον,
210 1193 276 1264 ὅτι
291 1198 325 1263 oc
337 1204 388 1281 εἰη
402 1191 439 1263 τό
458 1193 604 1282 οὐνομα·
633 1193 651 1264 ὁ
670 1198 709 1264 δέ
724 1199 759 1264 οί
772 1194 809 1264 τὰ
826 1195 883 1265 έόν
898 1202 1030 1285 ἔφρασε.
1055 1194 1073 1263 ὁ

70 1295 106 1363 δέ
120 1297 312 1381 Κλεομένης
324 1291 409 1382 πρὸς
420 1290 525 1360 αὐτόν
536 1298 600 1380 έφη
610 1318 618 1333 ·
629 1291 716 1381 Ἤδη
733 1302 800 1363 νῦν
814 1300 1034 1383 καταχαλκοῦ,
1050 1288 1076 1362 οὐ

68 1397 158 1480 κριέ,
173 1391 213 1461 τά
228 1395 333 1478 κέρεα,
344 1391 389 1473 ὡς
402 1393 644 1480 συνοισόμενος
656 1393 791 1486 μεγάλην
805 1401 907 1487 κακῷ.

33 1520 53 1574 ‚1
150 1491 204 1561 Ἐν
219 1492 255 1560 δέ
266 1499 306 1582 τῇ
316 1472 458 1582 Σπάρτη
471 1499 593 1560 τοῦτον
605 1489 667 1560 τὸν
674 1492 801 1580 χρόνον
811 1489 991 1580 ὑπομένων
1001 1501 1076 1579 Λη-

66 1592 214 1680 μάρητος
227 1589 245 1659 ὁ
258 1588 454 1679 Ἀρίστωνος
468 1595 621 1680 διέβαλλε
633 1587 695 1659 τὸν
708 1594 915 1678 Κλεομένεα,
931 1587 998 1658 ἐόν
1012 1597 1076 1677 βα-

68 1689 181 1771 σιλεὺς
195 1693 250 1759 καὶ
262 1684 361 1772 οὗτος
371 1692 628 1780 Σπαρτιητέων,
643 1697 748 1778 οἰκίης
759 1690 796 1758 δέ
806 1697 864 1777 τῆς
876 1688 1073 1759 ὐτοδεεστέ

68 1813 145 1878 ρης,
168 1785 242 1857 κατ’
261 1787 342 1858 άλλο
362 1789 424 1878 μέν
444 1788 545 1859 οὐδέν
565 1788 806 1877 ὑποδεεστέρης
827 1787 906 1878 (άπδ
926 1787 992 1877 γάρ
1013 1794 1075 1856 τοῦ

68 1883 174 1955 αὐτοῦ
191 1887 383 1974 γεγόνασι),
400 1885 484 1955 κατά
501 1891 766 1976 πρεσβυγένειαν
776 1887 816 1955 δέ
828 1913 894 1966 κως
908 1892 1075 1974 τετίμηται

33 2007 54 2060 ,ε
68 1993 197 2072 μᾶλλον
210 1985 232 2073 ἡ
245 1984 491 2073 Εὐρυσθένεος.
514 1985 775 2071 Λακεδαιμόνιοι
792 1983 856 2072 γὰρ
871 1981 1070 2076 ὁμολογέον-

67 2110 121 2163 τες
135 2081 249 2152 οὐδενί
266 2089 386 2171 ποιητῇ
396 2088 533 2168 λέγουσι
546 2081 652 2151 αὐτὸν
663 2080 900 2171 Ἀριστόδημον
913 2081 975 2152 τόν
985 2080 1076 2169 Ἀρι-

68 2182 236 2269 στομάχου
255 2188 317 2249 τού
334 2184 522 2249 Κλεοδαίου
543 2187 603 2249 τοῦ
614 2178 735 2251 Ὕλλου
750 2179 972 2270 βασιλεύοντα
989 2179 1074 2268 άγα-

67 2295 141 2369 γείν
156 2281 260 2366 σφέας
273 2280 305 2358 ές
319 2278 445 2365 ταύτην
455 2277 517 2365 την
529 2278 659 2368 χώρην,
673 2277 735 2370 τὴν
745 2274 1072 2366 νύνκεκτέαται,άλλ’

68 2377 110 2447 οὐ
121 2377 200 2456 τούς
213 2376 453 2464 Ἀριστοδήμου
464 2382 593 2456 παῖδας.
615 2374 696 2464 μετά
708 2378 745 2446 δέ
754 2377 879 2465 χρόνον
893 2375 935 2447 οὐ
946 2373 1074 2445 πολλόν

64 2474 288 2569 Ἀριστοδήμῳ
307 2490 417 2545 τεκεῖν
437 2472 500 2562 τὴν
515 2488 676 2562 γυναῖκα,
699 2481 739 2564 τῇ
755 2472 884 2562 οὐνομα
901 2474 987 2544 εἶναι
997 2473 1074 2562 Ἀρ-

66 2583 177 2665 γείην·
194 2576 366 2663 θυγατέρα
377 2577 413 2643 δὲ
424 2570 532 2660 αὐτὴν
541 2576 677 2661 λέγουσι
691 2571 776 2641 εἰναι
787 2570 999 2652 Αὐτεσίωνος
1011 2581 1074 2669 τοῦ

71 2681 261 2761 Τισαμενοῦ
271 2680 332 2742 τοῦ
343 2671 635 2760 Θερσάνδρουτού
642 2678 882 2751 Πολυνείκεος·
898 2670 1026 2757 ταύτην
1037 2672 1073 2738 δὲ

67 2788 176 2842 τεκεῖν
191 2775 330 2857 δίδυμα,
354 2771 511 2839 ἐπιδόντα
526 2774 563 2839 δὲ
579 2767 640 2838 τόν
658 2767 898 2858 Ἀριστόδημον
916 2767 1072 2837 τὰτέκνα

68 2871 181 2964 νούσῳ
195 2875 362 2938 τελευτᾶν.
405 2873 693 2955 Λακεδαιμονίους
714 2865 751 2935 δὲ
766 2864 846 2946 τούς
865 2863 941 2934 τότε
956 2866 1072 2945 ἰόντας

68 2975 249 3058 βουλεῦσαι
263 2964 345 3034 κατά
359 2966 467 3054 νόμον
477 2969 616 3056 βασιλέα
624 2973 693 3035 τάν
705 2970 835 3034 παίδων
848 2963 909 3036 τόν
923 2964 1073 3057 πρεσβύ-

67 3092 166 3153 τερον
186 3065 408 3154 ποιήσασθαι·
441 3064 504 3135 οὐκ
525 3059 575 3133 ιύν
595 3066 637 3153 δη’
658 3060 763 3153 σφεας
785 3070 888 3154 ἔχειν,
912 3063 1072 3155 ὁκότερον

69 3167 223 3249 ἕλωνται,
243 3161 326 3231 ὥστε
340 3166 395 3232 καὶ
405 3161 533 3249 ὁμοίων
543 3164 599 3231 καλ
610 3172 693 3231 ίσων
703 3163 846 3231 έόντων·
868 3158 911 3230 οὐ
926 3164 1072 3250 δυναμέ-

70 3287 150 3341 νους
160 3260 196 3330 δὲ
206 3268 350 3350 γνῶναι,
363 3257 384 3348 ἢ
396 3262 450 3329 καὶ
461 3260 526 3349 πρὸ
539 3261 672 3349 τούτου,
688 3263 872 3349 ἐπειρωτᾶν
881 3257 944 3347 τὴν
954 3268 1068 3330 τεκού

68 3377 140 3427 σαν.
159 3357 221 3445 τὴν
234 3360 269 3429 δὲ
279 3358 472 3447 οὐδδαύτην
483 3360 588 3447 φάναι
601 3361 853 3450 διαγινώσκειν·
870 3365 1003 3432 εἰδυίαν
1013 3362 1068 3450 μὲν
