2378 3840
337 200 421 255 ΗΒ.
448 198 483 256 V.
516 197 614 299 cA'P.
646 204 823 268 92,2-6.
1040 201 1083 261 45

75 381 129 436 τες
149 349 198 424 ἀν
212 354 317 426 ὀπίσω
332 364 371 446 τῇ
382 355 524 444 τεκούσῃ
538 351 575 423 τό
593 359 728 424 παιδιόν
745 359 800 425 καὶ
814 357 1007 438 ἐξελθόντες
1020 365 1082 440 ἔξω

74 455 231 533 ἑστεῶτες
245 455 297 522 ἐπὶ
310 460 377 522 τῶν
389 458 526 538 θυρέων
538 450 694 541 ἀλλήλων
705 452 849 523 ἅπτοντο
859 454 1083 542 καταιτιεύμε-

74 579 147 640 νοι,
163 557 218 621 καὶ
233 553 375 640 μάλιστα
386 559 446 621 τοῦ
460 551 597 639 πρότου
608 553 788 641 λαβόντος,
804 551 855 622 ότι
871 552 934 622 ούκ
949 558 1081 641 ἐποίησε

75 649 160 720 κατὰ
182 648 223 718 τὰ
244 653 446 738 δεδογμένα,
474 655 508 730 ἐς
528 648 548 719 ὃ
569 652 612 738 δή
634 673 695 738 σφι
715 652 841 739 χρόνον
862 654 1081 740 ἐγγινομένου

74 751 170 829 ἔδοξε
187 741 282 826 αύτις
297 748 529 834 παρελθόντας
548 750 676 827 πάντας
696 757 758 816 τοῦ
779 750 891 836 φόνου
906 757 1080 838 μετίσχειν.

74 845 168 914 Ἕδεε
183 846 220 913 δὲ
235 848 271 912 έκ
285 852 346 912 τοῦ
357 843 531 926 Ἠετίωνος
544 845 650 934 γόνου
660 854 821 942 Κορίνθῳ
836 848 921 917 κακά
932 843 1111 938 ἀναβλα-4

74 957 176 1011 στείν.
199 939 354 1031 ήΛάβδα
375 943 439 1032 γάρ
457 944 566 1013 πάντα
586 951 690 1013 ταῦτα
711 943 815 1033 ἤκουε
836 949 978 1015 ἑστεῶσα
998 943 1082 1034 πρὸς

75 1039 197 1128 αύτήσι
212 1048 287 1130 τῇσι
301 1042 446 1130 θύρησι·
474 1048 611 1112 δείσασα
626 1044 680 1127 δὲ,
700 1043 747 1128 μή
768 1063 829 1129 σφι
849 1043 1011 1132 μεταδόξῃ
1027 1046 1081 1110 καὶ

74 1137 113 1207 τό
132 1137 292 1222 δεύτερον
306 1140 465 1227 λαβόντες
479 1139 517 1209 τό
532 1144 668 1210 παιδίον
683 1138 914 1231 ἀποκτείνωσι,
931 1146 1081 1232 φέρουσα

75 1237 299 1325 κατακρύπτει
321 1241 355 1318 ές
374 1239 412 1307 τό
434 1236 687 1329 ἀφραστότατόν
706 1245 741 1309 οί
752 1244 906 1329 ἐφαίνετο
923 1242 1026 1329 εἶναι,
1048 1245 1081 1321 ές

75 1339 244 1423 κυψέλην,
262 1339 477 1426 ἐπισταμένη,
495 1337 555 1427 ὡς,
574 1345 604 1407 εί
617 1337 885 1426 ὑποστρέψαντες
900 1343 933 1418 ές
948 1339 1080 1427 ζήτησιν

73 1434 267 1523 ἀπικοίατο,
289 1436 398 1505 πάντα
414 1438 611 1525 ἐρευνήσειν
627 1439 796 1524 μέλλοιεν,
817 1435 856 1505 τοὶ
878 1435 918 1524 δή
937 1441 992 1505 καὶ
1008 1440 1081 1525 έγέ-

75 1557 161 1600 νετο.
186 1534 326 1602 ἐλθοῦσι
338 1538 374 1603 δὲ
386 1539 440 1604 καὶ
454 1539 656 1622 διζημένοισι
671 1533 801 1603 αύτοῑσι
813 1533 857 1615 ὡς
867 1533 931 1604 ούκ
945 1539 1080 1623 έφαίνε-

73 1658 124 1719 το,
141 1632 254 1701 έδόκεε
271 1630 546 1706 ἀπαλλάσσεσθαι
557 1637 612 1702 καὶ
622 1636 733 1721 λέγειν
744 1633 829 1720 πρὸς
839 1631 918 1714 τούς
929 1632 1081 1722 ἀποπέμ-

74 1746 219 1819 ψαντας,
236 1731 279 1812 ὡς
292 1734 401 1802 πάντα
415 1735 591 1821 ποιήσειαν
616 1731 655 1801 τά
671 1736 793 1802 ἐκεῖνοι
807 1736 1021 1802 ἐνετείλαντο.
1046 1739 1080 1801 οί
1095 1755 1111 1806 ε

73 1830 137 1916 μέν
151 1827 191 1917 δή
209 1829 415 1910 ἀπελθόντες
429 1839 545 1918 ἔλεγον
556 1838 676 1918 ταῦτα,
687 1830 835 1900 Ἠετίωνι
851 1834 886 1900 δὲ
900 1832 982 1918 μετὰ
999 1839 1081 1900 ταῦ-

73 1948 113 1995 τα
128 1926 148 1995 ὁ
163 1942 239 2007 παῖς
254 1926 416 2009 αύξάνετο
432 1937 490 1997 καί
497 1934 533 1998 οί
542 1929 743 2016 διαφυγόντι
754 1936 877 1998 τοῦτον
886 1929 947 1998 τόν
961 1935 1080 1999 κίνδυ-

71 2054 136 2096 νον
150 2024 216 2096 ἀπό
229 2035 287 2114 τῆς
299 2031 445 2116 κυψέλης
456 2031 650 2116 ἐπωνυμίην
658 2028 813 2111 Κύψελος
825 2028 954 2116 ούνομα
969 2032 1076 2116 έτέθη.

70 2125 285 2211 ἀνδρωθέντι
299 2130 336 2194 δέ
351 2129 407 2196 καὶ
421 2129 657 2219 μαντευομένῳ
669 2130 813 2216 Κυψέλῳ
828 2129 957 2214 ἐγένετο
972 2123 1080 2213 ἀμφι-

69 2229 184 2306 δέξιον
198 2225 399 2313 χρηστήριον
421 2227 458 2293 έν
471 2233 653 2312 Δελφοῖσι,
675 2231 720 2317 τῷ
737 2230 878 2303 πίσυνος
898 2225 1079 2310 γενόμενος

67 2326 264 2411 ἐπεχείρησέ
275 2350 311 2391 τε
326 2326 380 2392 καὶ
397 2329 470 2409 ἔσχε
486 2324 672 2411 Κόρινθον.
702 2319 719 2390 ὁ
735 2322 771 2390 δέ
784 2319 931 2409 χρησμός
945 2320 1003 2390 όδε
1016 2313 1077 2408 ἦν·

103 2425 240 2514 Ὄλβιος
254 2417 353 2504 οὗτος
368 2423 472 2514 ἀνήρ,
491 2423 528 2504 ὃς
542 2421 624 2510 ε’μόν
639 2424 744 2510 δόμον
760 2425 1001 2510 ἐσκαταβαίνει,

113 2524 271 2605 Κύψελος
284 2522 448 2612 Ἠετίδης,
469 2519 627 2613 βασιλεύς
641 2532 782 2592 κλειτοῖο
798 2528 986 2607 Κορίνθου,

112 2619 227 2702 Αύτδς
242 2625 297 2692 καὶ
313 2629 445 2709 παῖδες,
461 2627 591 2692 παίδων
607 2648 645 2707 γε
660 2623 722 2708 μέν
737 2616 849 2689 οὐκέτι
862 2624 985 2699 παῖδες.

68 2724 107 2792 τό
122 2724 187 2810 μὲν
200 2722 241 2810 δή
260 2723 461 2810 χρηστήριον
475 2729 574 2791 τοῦτο
589 2715 649 2809 ήν,
672 2717 902 2808 τυραννεύσας
919 2717 955 2786 δέ
971 2715 988 2786 ὁ
1004 2717 1077 2786 Κύ-

68 2831 172 2904 ψελος
182 2829 333 2900 τοιοῦτος
347 2822 389 2910 δή
400 2849 449 2901 τις
460 2818 546 2908 ἀνήρ
558 2823 705 2907 ἐγένετο·
721 2817 867 2897 πολλούς
878 2823 939 2903 μὲν
951 2825 1078 2904 Κορινν

66 2925 161 2990 θίων
175 2921 304 3005 ἐδίωξε,
320 2917 466 2997 πολλούς
481 2921 518 2987 δὲ
534 2920 713 3006 χρημάτων
730 2914 950 3005 ἀπεστέρησε,
965 2924 1076 3006 πολλῷ

67 3021 113 3086 δέ
140 3041 173 3084 τι
193 3023 369 3097 πλείστους
393 3026 449 3105 τῆς
473 3027 588 3105 ψυχῆς.
624 3016 803 3104 ’Ἀρξαντος
826 3019 862 3082 δὲ
884 3015 1007 3083 τούτου
1025 3016 1109 3089 §nze

64 3115 249 3205 τριήκοντα
260 3122 334 3185 ἔτεα
348 3119 403 3186 καὶ
413 3119 647 3197 διαπλέξαντος
661 3114 721 3184 τόν
731 3124 808 3204 βίον
823 3109 861 3182 εὖ
877 3113 1029 3201 διάδοχός
1044 3119 1077 3181 οἱ

64 3221 128 3301 τῆς
140 3218 340 3298 τυραννίδος
352 3213 370 3283 ὁ
382 3230 459 3295 πασς
470 3220 679 3300 Περίανδρος
689 3221 825 3300 γίνεται.
849 3210 866 3281 ὁ
879 3219 996 3280 τοίνυν
1006 3219 1074 3279 Πε-

66 3314 227 3397 ρίανδρος
241 3309 314 3380 κατ’
332 3309 435 3400 ἀρχάς
448 3315 511 3399 μέν
524 3305 568 3399 ήν
582 3310 765 3399 ήπιιότερος
777 3310 1072 3399 τούπατρός,ε’πει’-

67 3435 103 3476 τε
117 3409 155 3478 δέ
170 3405 314 3496 ὡμίλησε
326 3409 372 3479 δι’
384 3407 536 3497 ἀγγέλων
547 3411 778 3502 Θρασυβούλῳ
788 3417 834 3502 τῷ
849 3411 1003 3496 Μιλήτου
1013 3436 1072 3478 τυ·
