2378 3840
334 170 420 226 LIB.
452 171 501 227 1x;
536 169 636 227 CAP.
668 176 810 231 44—48.
1012 168 1074 234 311

68 335 103 411 ές
118 327 155 399 τό
172 328 399 417 στρατόπεδον
413 328 467 395 καλ
481 323 545 414 τὴν
559 330 686 395 ἑωυτοῦ
706 327 814 416 τάξιν,
834 335 871 399 οί
882 330 918 397 δὲ
932 352 1075 418 στρατη·
1089 357 1123 412 ςς

68 433 122 519 γολ
137 435 205 498 τόν
215 425 405 515 Ἀθηναίων
420 426 578 507 ἐλθόντες
593 430 645 495 ἐπὶ
660 425 697 495 τό
715 427 825 509 δεξιόν
843 433 941 514 κέρας
958 436 1075 519 ἔλεγον

69 533 247 616 Παυσανίη
271 524 374 610 τάπερ
397 521 549 613 ἥκουσαν
561 522 789 612 Ἀλεξάνδρου.
820 526 839 595 ὁ
857 530 893 596 δέ
907 527 1014 620 τούτῳ
1029 537 1074 620 τῷ

68 623 158 717 λόγῳ
172 623 432 712 καταρρωδήσας
448 620 527 703 τοὺς
537 625 669 710 Πέρσας
684 629 774 711 ἔλεγε
788 625 884 693 τάδε·
903 622 990 695 Ἐπεὶ
1005 635 1076 694 τοί-

68 751 134 794 νυν
146 726 179 804 ές
193 720 242 811 ήω
256 720 277 810 ἡ
289 719 441 811 συμβολή
452 728 590 808 γίνεται,
606 719 709 807 ὑμέας
719 724 781 809 μὲν
795 722 902 812 χρειόν
916 726 983 792 ἐστι
995 722 1074 803 τοὺς

64 821 266 909 Ἀθηναίους
277 827 394 907 στήναι
405 816 488 888 κατά
500 817 579 899 τούς
587 822 729 908 Πέρσας,
740 817 843 908 ἡμέας
855 822 891 889 δλ·
902 819 984 889 κατά
995 818 1075 901 τοὺς

67 921 237 1002 Βοιωτούς
250 948 285 990 τε
300 923 354 990 καλ
368 917 448 1000 τούς
462 916 537 988 κατ’
547 917 650 1006 ὑμέας
664 923 884 1006 τεταγμένους
892 918 1071 1008 Ἑλλήνων,

67 1027 175 1092 τῶνδε
196 1025 341 1089 εἴνειιενε
369 1018 465 1106 ὑμεῖς
479 1021 659 1088 ἐπίστασθε
680 1012 758 1096 τούς
775 1018 917 1106 Μήδους
936 1022 991 1087 καί
1010 1017 1073 1106 τὴν

67 1121 177 1208 μάχην
192 1117 304 1187 αὐτῶν
320 1122 357 1188 ἐν
368 1124 563 1207 Μαραθῶνι
577 1117 810 1204 μαχεσάμενοι,
824 1112 918 1206 ἡμεῖς
930 1115 966 1185 δέ
978 1115 1074 1185 ἀπει-

68 1228 125 1309 ροί
138 1222 176 1289 τέ
190 1226 282 1306 είμεν
297 1221 351 1288 καλ
366 1216 482 1297 ἀδαέες
495 1217 626 1286 τούτων
640 1224 708 1285 τῶν
721 1215 872 1303 ἀνδρῶν·
900 1225 1073 1305 Σπαρτιη-

68 1322 153 1386 τέων
167 1313 231 1405 γάρ
254 1315 362 1394 οὐδεὶς
378 1323 573 1402 πεπείρηται
589 1315 729 1402 Μήδων.
758 1310 851 1402 ἡμεῖς
869 1313 904 1382 δέ
916 1320 1073 1382 Βοιωτῶν

68 1418 123 1483 καὶ
134 1420 315 1484 θεσσαλων
327 1419 480 1501 ἔμπειροί
489 1419 589 1500 είμεν.
607 1410 679 1482 ἀλλ’
692 1410 923 1502 ἀναλαβόντας
933 1410 973 1480 τά
985 1410 1073 1481 ὅπλα

67 1514 175 1603 χρεων
189 1518 257 1583 έστι
272 1518 356 1583 ίέυαι
375 1510 479 1601 ὑμέας
492 1515 555 1601 μὲν
567 1516 601 1594 ές
614 1515 691 1582 τόδε
705 1511 742 1582 τό
755 1516 863 1602 κέρας,
877 1511 980 1602 ἡμέας
992 1514 1029 1583 δέ
1040 1517 1073 1593 ἐς

69 1612 104 1681 τό
124 1609 311 1700 εὐώνυμον.
344 1611 437 1700 Πρός
452 1614 486 1682 δέ
507 1619 611 1681 ταῦτα
629 1611 725 1682 εἶπαν
739 1618 773 1683 οί
787 1612 960 1702 Ἀθηναῖοι
975 1613 1071 1682 τάδε·

72 1713 134 1782 Καὶ
148 1707 277 1779 αὐτοῖσι
290 1706 372 1796 ἡμῖν
387 1709 490 1778 πάλαι
505 1707 564 1778 ἀπ’
581 1708 699 1799 ἀρχῆς,
721 1714 831 1780 ἐπείτε
849 1717 982 1799 είδομεν
997 1707 1070 1779 κατ’

72 1812 172 1903 δμέας
185 1816 411 1900 τασσομένους
425 1811 504 1891 τούς
519 1817 666 1900 Πέρσας,
683 1816 720 1882 έν
735 1814 804 1904 νόφ
821 1815 951 1898 ἐγένετο
968 1815 1073 1879 είπεῑυ

69 1918 188 1997 ταῦτα,
209 1906 315 1995 τάπερ
336 1905 432 1995 ὑμεῖς
447 1910 598 1994 φθάντες
612 1913 813 1998 προφέρετε·
834 1904 917 1976 ἀλλά
933 1903 998 1993 γάρ
1011 1903 1073 1989 ἀρ·

73 2011 239 2098 ρωδέομεν
253 2003 298 2093 μή
313 2004 394 2093 ὑμῖν
409 2003 472 2075 οόιι
492 2004 586 2094 ἡδέες
601 2009 765 2094 γένωνται
782 2012 817 2076 οί
829 2006 933 2092 λόγοι.
955 2005 1025 2073 έπελ
1040 2005 1071 2070 δ’

70 2100 118 2175 τόν
133 2102 227 2173 αὐτοὶ
243 2102 448 2192 ἐμνήσθητε,
470 2106 525 2173 καλ
547 2102 741 2193 ἡδομένοισι
761 2100 843 2194 ἡμίν
859 2108 893 2172 oc
905 2101 1000 2189 λόγοι
1016 2126 1074 2187 γε-

67 2203 187 2291 γόνασι
206 2204 262 2270 ιιαλ
281 2205 406 2289 ἑτοίμοί
425 2208 516 2290 είμεν
530 2207 657 2272 ποιέειν
673 2210 786 2272 ταῦτα.
816 2200 874 2281 Ὡς
895 2199 927 2268 δ’
950 2198 1070 2288 ήρεσιιε
1088 2209 1122 2266 4⁷

68 2300 285 2390 ἀμφοτέροισι
305 2307 426 2387 ταῦτα,
447 2298 517 2387 ἡός
536 2329 571 2370 τε
591 2304 742 2389 διέφαινε
762 2303 818 2368 καὶ
833 2297 1073 2368 διαλλάσσοντο

67 2395 127 2476 τάς
141 2396 240 2476 τάξις.
268 2397 407 2482 γνόντες
428 2400 464 2467 δὲ
484 2404 519 2469 οί
529 2397 671 2469 Βοιωτοί
686 2397 724 2468 τό
740 2399 943 2486 ποιεόμενον
958 2399 1074 2483 ἐξαγο-

68 2493 208 2582 ρεύουσι
222 2496 417 2586 Μαρδονίῳ.
452 2486 471 2561 ό
497 2492 525 2562 δ’
553 2497 660 2563 ἐπείτε
680 2496 821 2584 ἤκουσε,
847 2495 965 2565 αὐτίκα
982 2521 1074 2583 μετι·

68 2591 187 2660 στάναι
202 2592 256 2659 καὶ
276 2586 377 2670 αὐτός
397 2593 548 2680 ἐπειρᾶτο
570 2593 732 2681 παράγων
751 2590 830 2673 τούς
841 2595 976 2681 Πέρσας
990 2588 1073 2660 κατά

68 2686 147 2768 τοδς
161 2693 456 2776 Λακεδαιμονίους.
481 2687 525 2770 ὥς
542 2692 579 2760 δέ
596 2697 702 2778 ἔμαθε
716 2698 815 2761 τοῦτο
829 2697 961 2760 τοιοῦτο
975 2689 1075 2776 γενό-

67 2815 173 2877 μενον
188 2785 206 2857 ὁ
222 2795 433 2877 Παυσανίης,
446 2787 551 2876 γνοάς
566 2787 618 2859 ότι
633 2786 675 2858 οὗ
690 2789 873 2875 λανθάνει,
891 2785 997 2857 ὀπίσω
1013 2780 1074 2874 ἡγε

67 2883 147 2966 τούς
160 2885 374 2974 Σπαρτιήτας
390 2888 444 2956 έπλ
457 2885 494 2957 τό
510 2885 621 2968 δεξιόν
635 2889 749 2973 κέρας·
777 2884 822 2967 ἀς
844 2884 876 2953 δ’
893 2884 1002 2965 οὕτως
1019 2886 1074 2953 παλ

68 2982 87 3053 δ
100 2983 297 3072 Μαρδόνιος
311 2986 364 3054 ίπλ
377 2992 438 3053 τοῦ
453 2981 641 3073 εὐωνύμου.
665 2983 753 3056 Ἐπεὶ
768 2985 804 3054 δέ
819 2987 1023 3072 κατέστησαν
1039 2985 1072 3063 ές
1089 3001 1124 3057 48

68 3082 126 3163 τὰς
141 3081 278 3173 ἀρχαίας
294 3083 396 3172 τάξις,
411 3088 542 3171 πέμψας
556 3082 575 3153 δ
588 3085 787 3174 Μαρδόνιος
802 3084 932 3173 κήρυκα
950 3085 983 3162 ές
997 3080 1076 3161 τοὺς

70 3181 291 3271 Σπαρτιήτας,
306 3187 398 3270 ἔλεγε
411 3183 506 3252 τάδε·
524 3177 564 3253 Ὦ
574 3185 846 3273 Λακεδαιμόνιοι,
861 3181 955 3270 ὑμεῖς
967 3182 1007 3271 δὴ
1020 3184 1076 3252 λέ-

68 3290 172 3368 γεσθε
194 3279 278 3350 εἶναι
301 3280 423 3370 ἄνδρες
443 3281 573 3371 ἀριστοι
593 3280 661 3352 τ’πιδ
683 3291 751 3353 τάν
770 3287 849 3373 τῇδε
869 3281 1075 3372 ἀνθρώπων,

69 3381 344 3466 ἐκπαγλεομένων
361 3378 406 3462 ὥς
421 3378 499 3450 οὔτε
515 3381 657 3470 φεόγετε
674 3383 712 3453 έιι
726 3384 874 3469 πολέμου
889 3379 967 3448 οὔτε
981 3379 1077 3460 τάξιν
